{"app":"the-coffer-fills","version":1,"generatedAt":"2026-07-02T08:16:01.586Z","events":[{"ts":1782961375,"slot":3,"type":"buy","state":"placed","itemId":12695,"price":12600,"qty":10,"filled":0,"spent":0,"id":"75cfc030b8d6b9e9"},{"ts":1782961376,"slot":3,"type":"buy","state":"partial","itemId":12695,"price":12600,"qty":10,"filled":10,"spent":122030,"id":"1933e0ddb0eb7437"},{"ts":1782961377,"slot":3,"type":"buy","state":"complete","itemId":12695,"price":12600,"qty":10,"filled":10,"spent":122030,"id":"0ab5f95a5c3e9a63"},{"ts":1782963542,"slot":3,"type":"sell","state":"placed","itemId":11237,"price":3900,"qty":33,"filled":0,"spent":0,"id":"b94b8b96a58a3ac5"},{"ts":1782963543,"slot":3,"type":"sell","state":"partial","itemId":11237,"price":3900,"qty":33,"filled":33,"spent":130185,"id":"861d7105b4cdea71"},{"ts":1782963543,"slot":3,"type":"sell","state":"complete","itemId":11237,"price":3900,"qty":33,"filled":33,"spent":130185,"id":"3e3cc0963637ebda"},{"ts":1782964880,"slot":3,"type":"sell","state":"placed","itemId":3000,"price":8131,"qty":174,"filled":0,"spent":0,"id":"7eeb00b0005702d1"},{"ts":1782964907,"slot":3,"type":"sell","state":"cancelled","itemId":3000,"price":8131,"qty":174,"filled":0,"spent":0,"id":"7598a94ed3b9f9a8"},{"ts":1782964913,"slot":3,"type":"sell","state":"placed","itemId":3000,"price":8120,"qty":174,"filled":0,"spent":0,"id":"1cf039922a4f9525"},{"ts":1782964916,"slot":3,"type":"sell","state":"cancelled","itemId":3000,"price":8120,"qty":174,"filled":0,"spent":0,"id":"8142379e78ff329e"},{"ts":1782964921,"slot":3,"type":"sell","state":"placed","itemId":3000,"price":8100,"qty":174,"filled":0,"spent":0,"id":"03d0c0f925469138"},{"ts":1782964922,"slot":3,"type":"sell","state":"partial","itemId":3000,"price":8100,"qty":174,"filled":174,"spent":1411314,"id":"1412ca521c71f4a7"},{"ts":1782964922,"slot":3,"type":"sell","state":"complete","itemId":3000,"price":8100,"qty":174,"filled":174,"spent":1411314,"id":"a037039ae98061c2"},{"ts":1782975810,"slot":3,"type":"buy","state":"placed","itemId":6585,"price":2801000,"qty":5,"filled":0,"spent":0,"id":"fdfe7816cadfc298"},{"ts":1782976074,"slot":2,"type":"sell","state":"placed","itemId":6585,"price":2915000,"qty":1,"filled":0,"spent":0,"id":"647d7aa8c3fdd4a0"},{"ts":1782976506,"slot":1,"type":"buy","state":"placed","itemId":31406,"price":13540,"qty":1500,"filled":0,"spent":0,"id":"11d8e39486d2c68c"},{"ts":1782977064,"slot":1,"type":"buy","state":"partial","itemId":31406,"price":13540,"qty":1500,"filled":1500,"spent":20310000,"id":"1519b0f60d4ba34d"},{"ts":1782977065,"slot":1,"type":"buy","state":"complete","itemId":31406,"price":13540,"qty":1500,"filled":1500,"spent":20310000,"id":"04ad1bc51f1ff547"},{"ts":1782977111,"slot":1,"type":"sell","state":"placed","itemId":31406,"price":14250,"qty":1500,"filled":0,"spent":0,"id":"b0796ace7b81f315"},{"ts":1782977124,"slot":1,"type":"sell","state":"partial","itemId":31406,"price":14250,"qty":1500,"filled":32,"spent":456000,"id":"30beafe98af31949"},{"ts":1782977175,"slot":1,"type":"sell","state":"partial","itemId":31406,"price":14250,"qty":1500,"filled":61,"spent":869250,"id":"380005cfffd4b788"},{"ts":1782977187,"slot":3,"type":"buy","state":"cancelled","itemId":6585,"price":2801000,"qty":5,"filled":0,"spent":0,"id":"bb8450f15d360ac6"},{"ts":1782977199,"slot":0,"type":"buy","state":"placed","itemId":31406,"price":13540,"qty":1500,"filled":0,"spent":0,"id":"6aab958c1255d2c1"},{"ts":1782977227,"slot":2,"type":"sell","state":"cancelled","itemId":6585,"price":2915000,"qty":1,"filled":0,"spent":0,"id":"cc8ee812fa00660f"},{"ts":1782978102,"slot":0,"type":"buy","state":"partial","itemId":31406,"price":13540,"qty":1500,"filled":89,"spent":1205060,"id":"b1b6e222a507597a"},{"ts":1782978206,"slot":3,"type":"sell","state":"placed","itemId":3000,"price":8110,"qty":70,"filled":0,"spent":0,"id":"781e97f69e6c7eb2"},{"ts":1782978207,"slot":3,"type":"sell","state":"partial","itemId":3000,"price":8110,"qty":70,"filled":70,"spent":568050,"id":"145a36281e3dce3e"},{"ts":1782978208,"slot":3,"type":"sell","state":"complete","itemId":3000,"price":8110,"qty":70,"filled":70,"spent":568050,"id":"89e7cecb9c6cb54e"},{"ts":1782979784,"slot":0,"type":"buy","state":"cancelled","itemId":31406,"price":13540,"qty":1500,"filled":89,"spent":1205060,"id":"9a64fb80e5f59c69"},{"ts":1782979790,"slot":1,"type":"sell","state":"cancelled","itemId":31406,"price":14250,"qty":1500,"filled":61,"spent":869250,"id":"d74cc2d2fd5a8e7b"},{"ts":1782979794,"slot":1,"type":"sell","state":"placed","itemId":31406,"price":14250,"qty":1528,"filled":0,"spent":0,"id":"f730c0ca199bd365"}]}