{"app":"the-coffer-fills","version":1,"generatedAt":"2026-07-12T02:58:05.682Z","events":[{"ts":1782961375,"slot":3,"type":"buy","state":"placed","itemId":12695,"price":12600,"qty":10,"filled":0,"spent":0,"id":"75cfc030b8d6b9e9"},{"ts":1782961376,"slot":3,"type":"buy","state":"partial","itemId":12695,"price":12600,"qty":10,"filled":10,"spent":122030,"id":"1933e0ddb0eb7437"},{"ts":1782961377,"slot":3,"type":"buy","state":"complete","itemId":12695,"price":12600,"qty":10,"filled":10,"spent":122030,"id":"0ab5f95a5c3e9a63"},{"ts":1782963542,"slot":3,"type":"sell","state":"placed","itemId":11237,"price":3900,"qty":33,"filled":0,"spent":0,"id":"b94b8b96a58a3ac5"},{"ts":1782963543,"slot":3,"type":"sell","state":"partial","itemId":11237,"price":3900,"qty":33,"filled":33,"spent":130185,"id":"861d7105b4cdea71"},{"ts":1782963543,"slot":3,"type":"sell","state":"complete","itemId":11237,"price":3900,"qty":33,"filled":33,"spent":130185,"id":"3e3cc0963637ebda"},{"ts":1782964880,"slot":3,"type":"sell","state":"placed","itemId":3000,"price":8131,"qty":174,"filled":0,"spent":0,"id":"7eeb00b0005702d1"},{"ts":1782964907,"slot":3,"type":"sell","state":"cancelled","itemId":3000,"price":8131,"qty":174,"filled":0,"spent":0,"id":"7598a94ed3b9f9a8"},{"ts":1782964913,"slot":3,"type":"sell","state":"placed","itemId":3000,"price":8120,"qty":174,"filled":0,"spent":0,"id":"1cf039922a4f9525"},{"ts":1782964916,"slot":3,"type":"sell","state":"cancelled","itemId":3000,"price":8120,"qty":174,"filled":0,"spent":0,"id":"8142379e78ff329e"},{"ts":1782964921,"slot":3,"type":"sell","state":"placed","itemId":3000,"price":8100,"qty":174,"filled":0,"spent":0,"id":"03d0c0f925469138"},{"ts":1782964922,"slot":3,"type":"sell","state":"partial","itemId":3000,"price":8100,"qty":174,"filled":174,"spent":1411314,"id":"1412ca521c71f4a7"},{"ts":1782964922,"slot":3,"type":"sell","state":"complete","itemId":3000,"price":8100,"qty":174,"filled":174,"spent":1411314,"id":"a037039ae98061c2"},{"ts":1782975810,"slot":3,"type":"buy","state":"placed","itemId":6585,"price":2801000,"qty":5,"filled":0,"spent":0,"id":"fdfe7816cadfc298"},{"ts":1782976074,"slot":2,"type":"sell","state":"placed","itemId":6585,"price":2915000,"qty":1,"filled":0,"spent":0,"id":"647d7aa8c3fdd4a0"},{"ts":1782976506,"slot":1,"type":"buy","state":"placed","itemId":31406,"price":13540,"qty":1500,"filled":0,"spent":0,"id":"11d8e39486d2c68c"},{"ts":1782977064,"slot":1,"type":"buy","state":"partial","itemId":31406,"price":13540,"qty":1500,"filled":1500,"spent":20310000,"id":"1519b0f60d4ba34d"},{"ts":1782977065,"slot":1,"type":"buy","state":"complete","itemId":31406,"price":13540,"qty":1500,"filled":1500,"spent":20310000,"id":"04ad1bc51f1ff547"},{"ts":1782977111,"slot":1,"type":"sell","state":"placed","itemId":31406,"price":14250,"qty":1500,"filled":0,"spent":0,"id":"b0796ace7b81f315"},{"ts":1782977124,"slot":1,"type":"sell","state":"partial","itemId":31406,"price":14250,"qty":1500,"filled":32,"spent":456000,"id":"30beafe98af31949"},{"ts":1782977175,"slot":1,"type":"sell","state":"partial","itemId":31406,"price":14250,"qty":1500,"filled":61,"spent":869250,"id":"380005cfffd4b788"},{"ts":1782977187,"slot":3,"type":"buy","state":"cancelled","itemId":6585,"price":2801000,"qty":5,"filled":0,"spent":0,"id":"bb8450f15d360ac6"},{"ts":1782977199,"slot":0,"type":"buy","state":"placed","itemId":31406,"price":13540,"qty":1500,"filled":0,"spent":0,"id":"6aab958c1255d2c1"},{"ts":1782977227,"slot":2,"type":"sell","state":"cancelled","itemId":6585,"price":2915000,"qty":1,"filled":0,"spent":0,"id":"cc8ee812fa00660f"},{"ts":1782978102,"slot":0,"type":"buy","state":"partial","itemId":31406,"price":13540,"qty":1500,"filled":89,"spent":1205060,"id":"b1b6e222a507597a"},{"ts":1782978206,"slot":3,"type":"sell","state":"placed","itemId":3000,"price":8110,"qty":70,"filled":0,"spent":0,"id":"781e97f69e6c7eb2"},{"ts":1782978207,"slot":3,"type":"sell","state":"partial","itemId":3000,"price":8110,"qty":70,"filled":70,"spent":568050,"id":"145a36281e3dce3e"},{"ts":1782978208,"slot":3,"type":"sell","state":"complete","itemId":3000,"price":8110,"qty":70,"filled":70,"spent":568050,"id":"89e7cecb9c6cb54e"},{"ts":1782979784,"slot":0,"type":"buy","state":"cancelled","itemId":31406,"price":13540,"qty":1500,"filled":89,"spent":1205060,"id":"9a64fb80e5f59c69"},{"ts":1782979790,"slot":1,"type":"sell","state":"cancelled","itemId":31406,"price":14250,"qty":1500,"filled":61,"spent":869250,"id":"d74cc2d2fd5a8e7b"},{"ts":1782979794,"slot":1,"type":"sell","state":"placed","itemId":31406,"price":14250,"qty":1528,"filled":0,"spent":0,"id":"f730c0ca199bd365"},{"ts":1782982191,"slot":1,"type":"sell","state":"cancelled","itemId":31406,"price":14250,"qty":1528,"filled":0,"spent":0,"id":"9209ca58f9aa5fca"},{"ts":1782982195,"slot":1,"type":"sell","state":"placed","itemId":31406,"price":14250,"qty":1528,"filled":0,"spent":0,"id":"e17713656ef677ff"},{"ts":1783003141,"slot":1,"type":"sell","state":"cancelled","itemId":31406,"price":14250,"qty":1528,"filled":0,"spent":0,"id":"689c2b1ff4e7d2d1"},{"ts":1783003147,"slot":1,"type":"sell","state":"placed","itemId":31406,"price":13850,"qty":1528,"filled":0,"spent":0,"id":"770e0c48c4150274"},{"ts":1783003184,"slot":1,"type":"sell","state":"cancelled","itemId":31406,"price":13850,"qty":1528,"filled":0,"spent":0,"id":"487a2e7988aff309"},{"ts":1783003209,"slot":1,"type":"sell","state":"placed","itemId":31406,"price":13801,"qty":1528,"filled":0,"spent":0,"id":"734be45543b5d5ed"},{"ts":1783003293,"slot":1,"type":"sell","state":"cancelled","itemId":31406,"price":13801,"qty":1528,"filled":0,"spent":0,"id":"5808ba88268bd5ca"},{"ts":1783003299,"slot":1,"type":"sell","state":"placed","itemId":31406,"price":13749,"qty":1528,"filled":0,"spent":0,"id":"48c6ec83e270381b"},{"ts":1783003417,"slot":1,"type":"sell","state":"cancelled","itemId":31406,"price":13749,"qty":1528,"filled":0,"spent":0,"id":"b828086ac3b173b0"},{"ts":1783003428,"slot":1,"type":"sell","state":"placed","itemId":31406,"price":13724,"qty":1528,"filled":0,"spent":0,"id":"6e87dda2188751a5"},{"ts":1783003566,"slot":1,"type":"sell","state":"cancelled","itemId":31406,"price":13724,"qty":1528,"filled":0,"spent":0,"id":"67d23500f00688a3"},{"ts":1783003576,"slot":1,"type":"sell","state":"placed","itemId":31406,"price":13690,"qty":1500,"filled":0,"spent":0,"id":"889f0354d0a7b688"},{"ts":1783003591,"slot":2,"type":"sell","state":"placed","itemId":31406,"price":13699,"qty":28,"filled":0,"spent":0,"id":"e925b0db104523df"},{"ts":1783003722,"slot":1,"type":"sell","state":"cancelled","itemId":31406,"price":13690,"qty":1500,"filled":0,"spent":0,"id":"d1d074bb8d625b1e"},{"ts":1783003728,"slot":1,"type":"sell","state":"placed","itemId":31406,"price":13660,"qty":1500,"filled":0,"spent":0,"id":"be23c93aef71cee7"},{"ts":1783003954,"slot":2,"type":"sell","state":"cancelled","itemId":31406,"price":13699,"qty":28,"filled":0,"spent":0,"id":"b101d46f888a71db"},{"ts":1783003968,"slot":2,"type":"sell","state":"placed","itemId":31406,"price":13600,"qty":28,"filled":0,"spent":0,"id":"876ef635bdfb2f7e"},{"ts":1783004012,"slot":2,"type":"sell","state":"partial","itemId":31406,"price":13600,"qty":28,"filled":16,"spent":217600,"id":"e36caa1944bcc821"},{"ts":1783004022,"slot":2,"type":"sell","state":"cancelled","itemId":31406,"price":13600,"qty":28,"filled":16,"spent":217600,"id":"49b3ad8b204fc161"},{"ts":1783004034,"slot":2,"type":"sell","state":"placed","itemId":31406,"price":13660,"qty":12,"filled":0,"spent":0,"id":"e2e79b9e33fde3b1"},{"ts":1783004212,"slot":2,"type":"sell","state":"cancelled","itemId":31406,"price":13660,"qty":12,"filled":0,"spent":0,"id":"7e58011fa8826b19"},{"ts":1783004215,"slot":1,"type":"sell","state":"cancelled","itemId":31406,"price":13660,"qty":1500,"filled":0,"spent":0,"id":"581dd640f2b58ded"},{"ts":1783004222,"slot":1,"type":"sell","state":"placed","itemId":31406,"price":13600,"qty":1500,"filled":0,"spent":0,"id":"64b644c5ffd47afc"},{"ts":1783004227,"slot":1,"type":"sell","state":"cancelled","itemId":31406,"price":13600,"qty":1500,"filled":0,"spent":0,"id":"8c4aa735fc77e935"},{"ts":1783004231,"slot":1,"type":"sell","state":"placed","itemId":31406,"price":13600,"qty":1512,"filled":0,"spent":0,"id":"cbb7c7127aca744c"},{"ts":1783004922,"slot":1,"type":"sell","state":"cancelled","itemId":31406,"price":13600,"qty":1512,"filled":0,"spent":0,"id":"423953b2bd746e77"},{"ts":1783004928,"slot":1,"type":"sell","state":"placed","itemId":31406,"price":13590,"qty":1512,"filled":0,"spent":0,"id":"ef67b5da106c86e1"},{"ts":1783005139,"slot":1,"type":"sell","state":"cancelled","itemId":31406,"price":13590,"qty":1512,"filled":0,"spent":0,"id":"6ee4a2f92a95bb85"},{"ts":1783005146,"slot":1,"type":"sell","state":"placed","itemId":31406,"price":13590,"qty":1512,"filled":0,"spent":0,"id":"0d03b22aa01c928a"},{"ts":1783005148,"slot":1,"type":"sell","state":"cancelled","itemId":31406,"price":13590,"qty":1512,"filled":0,"spent":0,"id":"80496a2bbbb6c5b0"},{"ts":1783005154,"slot":1,"type":"sell","state":"placed","itemId":31406,"price":13575,"qty":1512,"filled":0,"spent":0,"id":"cb11a54a0dc28d21"},{"ts":1783005156,"slot":1,"type":"sell","state":"partial","itemId":31406,"price":13575,"qty":1512,"filled":1000,"spent":13575000,"id":"49be9916126a59b3"},{"ts":1783005188,"slot":1,"type":"sell","state":"cancelled","itemId":31406,"price":13575,"qty":1512,"filled":1000,"spent":13575000,"id":"49561e4837dde75b"},{"ts":1783005197,"slot":1,"type":"sell","state":"placed","itemId":31406,"price":13570,"qty":512,"filled":0,"spent":0,"id":"d78696edd3140e98"},{"ts":1783005212,"slot":1,"type":"sell","state":"partial","itemId":31406,"price":13570,"qty":512,"filled":512,"spent":6947840,"id":"2604b2eaaeb87326"},{"ts":1783005213,"slot":1,"type":"sell","state":"complete","itemId":31406,"price":13570,"qty":512,"filled":512,"spent":6947840,"id":"363f5c6738016321"},{"ts":1783006041,"slot":3,"type":"buy","state":"placed","itemId":5952,"price":7175,"qty":100,"filled":0,"spent":0,"id":"68dafea0592b4d73"},{"ts":1783006086,"slot":2,"type":"sell","state":"placed","itemId":5952,"price":7493,"qty":300,"filled":0,"spent":0,"id":"88fbf1b9070ad365"},{"ts":1783007352,"slot":2,"type":"sell","state":"cancelled","itemId":5952,"price":7493,"qty":300,"filled":0,"spent":0,"id":"111648339ef06cee"},{"ts":1783007357,"slot":2,"type":"sell","state":"placed","itemId":5952,"price":7430,"qty":300,"filled":0,"spent":0,"id":"26202f42243ab37b"},{"ts":1783007367,"slot":3,"type":"buy","state":"cancelled","itemId":5952,"price":7175,"qty":100,"filled":0,"spent":0,"id":"035b501446dd40c5"},{"ts":1783007373,"slot":3,"type":"buy","state":"placed","itemId":5952,"price":7195,"qty":100,"filled":0,"spent":0,"id":"9847075c4ffce53c"},{"ts":1783007504,"slot":3,"type":"buy","state":"partial","itemId":5952,"price":7195,"qty":100,"filled":12,"spent":86340,"id":"f0d954a52ae65916"},{"ts":1783007517,"slot":3,"type":"buy","state":"partial","itemId":5952,"price":7195,"qty":100,"filled":24,"spent":172680,"id":"29bdd9dacda90441"},{"ts":1783007609,"slot":2,"type":"sell","state":"partial","itemId":5952,"price":7430,"qty":300,"filled":74,"spent":549820,"id":"e3ee76cb598a898d"},{"ts":1783007615,"slot":3,"type":"buy","state":"partial","itemId":5952,"price":7195,"qty":100,"filled":26,"spent":187070,"id":"6034b9c817684d3a"},{"ts":1783007721,"slot":3,"type":"buy","state":"partial","itemId":5952,"price":7195,"qty":100,"filled":36,"spent":259020,"id":"9df52c1ff7bdbe8e"},{"ts":1783007756,"slot":3,"type":"buy","state":"partial","itemId":5952,"price":7195,"qty":100,"filled":46,"spent":330970,"id":"f7c5a4ea60108e49"},{"ts":1783007765,"slot":3,"type":"buy","state":"partial","itemId":5952,"price":7195,"qty":100,"filled":61,"spent":438895,"id":"d15d994d88bcf8ce"},{"ts":1783007930,"slot":3,"type":"buy","state":"partial","itemId":5952,"price":7195,"qty":100,"filled":65,"spent":467675,"id":"f0de62bf8237d830"},{"ts":1783007933,"slot":3,"type":"buy","state":"partial","itemId":5952,"price":7195,"qty":100,"filled":85,"spent":611575,"id":"6d0607299f21fbc7"},{"ts":1783007991,"slot":3,"type":"buy","state":"partial","itemId":5952,"price":7195,"qty":100,"filled":89,"spent":640355,"id":"d6fa933e6dc5fa86"},{"ts":1783008009,"slot":3,"type":"buy","state":"partial","itemId":5952,"price":7195,"qty":100,"filled":95,"spent":683525,"id":"5bf025133d538acc"},{"ts":1783008026,"slot":3,"type":"buy","state":"partial","itemId":5952,"price":7195,"qty":100,"filled":100,"spent":719500,"id":"21e08333cd5e217b"},{"ts":1783008027,"slot":3,"type":"buy","state":"complete","itemId":5952,"price":7195,"qty":100,"filled":100,"spent":719500,"id":"e97ccc5132914afe"},{"ts":1783008189,"slot":1,"type":"sell","state":"placed","itemId":3000,"price":8110,"qty":83,"filled":0,"spent":0,"id":"cd4d4c532509fcbb"},{"ts":1783008262,"slot":2,"type":"sell","state":"cancelled","itemId":5952,"price":7430,"qty":300,"filled":74,"spent":549820,"id":"63aa3decfcb0e1d8"},{"ts":1783008274,"slot":2,"type":"sell","state":"placed","itemId":5952,"price":7390,"qty":226,"filled":0,"spent":0,"id":"4edb9b43760fe6ea"},{"ts":1783008362,"slot":2,"type":"sell","state":"partial","itemId":5952,"price":7390,"qty":226,"filled":10,"spent":73900,"id":"94387eb225f121c9"},{"ts":1783008537,"slot":2,"type":"sell","state":"partial","itemId":5952,"price":7390,"qty":226,"filled":11,"spent":81290,"id":"534b0ae5c1b27841"},{"ts":1783009142,"slot":3,"type":"buy","state":"placed","itemId":6585,"price":2835500,"qty":4,"filled":0,"spent":0,"id":"b6f9c89196bc2c7a"},{"ts":1783010131,"slot":1,"type":"sell","state":"placed","itemId":3000,"price":8110,"qty":83,"filled":0,"spent":0,"id":"231e3ad35a73f38f"},{"ts":1783010131,"slot":2,"type":"sell","state":"partial","itemId":5952,"price":7390,"qty":226,"filled":11,"spent":81290,"id":"16a2f5235017b093"},{"ts":1783010131,"slot":3,"type":"buy","state":"placed","itemId":6585,"price":2835500,"qty":4,"filled":0,"spent":0,"id":"d373e8af9f6fdafb"},{"ts":1783010162,"slot":2,"type":"sell","state":"partial","itemId":5952,"price":7390,"qty":226,"filled":12,"spent":88680,"id":"20a79eef8a8ab90f"},{"ts":1783010218,"slot":2,"type":"sell","state":"partial","itemId":5952,"price":7390,"qty":226,"filled":13,"spent":96070,"id":"721d3b6087fb64f9"},{"ts":1783010272,"slot":1,"type":"sell","state":"partial","itemId":3000,"price":8110,"qty":83,"filled":1,"spent":8110,"id":"b52d311ca54ef404"},{"ts":1783010273,"slot":2,"type":"sell","state":"partial","itemId":5952,"price":7390,"qty":226,"filled":15,"spent":110850,"id":"1b212e2c3f443740"},{"ts":1783010301,"slot":1,"type":"sell","state":"partial","itemId":3000,"price":8110,"qty":83,"filled":83,"spent":673130,"id":"3073c00f20af186a"},{"ts":1783010302,"slot":1,"type":"sell","state":"complete","itemId":3000,"price":8110,"qty":83,"filled":83,"spent":673130,"id":"df4a98d0c1c34d02"},{"ts":1783010492,"slot":2,"type":"sell","state":"cancelled","itemId":5952,"price":7390,"qty":226,"filled":15,"spent":110850,"id":"e21e29b9ea1779c7"},{"ts":1783010498,"slot":2,"type":"sell","state":"placed","itemId":5952,"price":7380,"qty":211,"filled":0,"spent":0,"id":"b6e34f291dfbcda5"},{"ts":1783010974,"slot":1,"type":"buy","state":"placed","itemId":23959,"price":3390001,"qty":3,"filled":0,"spent":0,"id":"f5fa7ac71c5080b3"},{"ts":1783010982,"slot":2,"type":"sell","state":"cancelled","itemId":5952,"price":7380,"qty":211,"filled":0,"spent":0,"id":"8d0c3551f5e5777a"},{"ts":1783010991,"slot":2,"type":"sell","state":"placed","itemId":5952,"price":7375,"qty":211,"filled":0,"spent":0,"id":"8d7211dfa76d4262"},{"ts":1783011003,"slot":2,"type":"sell","state":"partial","itemId":5952,"price":7375,"qty":211,"filled":211,"spent":1556125,"id":"f8f6d3e042803321"},{"ts":1783011004,"slot":2,"type":"sell","state":"complete","itemId":5952,"price":7375,"qty":211,"filled":211,"spent":1556125,"id":"1b2d4e3f7fcd8823"},{"ts":1783011360,"slot":2,"type":"buy","state":"placed","itemId":5300,"price":50710,"qty":50,"filled":0,"spent":0,"id":"4eeb69107494469e"},{"ts":1783011369,"slot":2,"type":"buy","state":"partial","itemId":5300,"price":50710,"qty":50,"filled":33,"spent":1673430,"id":"df9027c9ac6aac57"},{"ts":1783011385,"slot":2,"type":"buy","state":"partial","itemId":5300,"price":50710,"qty":50,"filled":37,"spent":1876270,"id":"19c32d50343bdcb4"},{"ts":1783011408,"slot":2,"type":"buy","state":"partial","itemId":5300,"price":50710,"qty":50,"filled":38,"spent":1926980,"id":"6c77dae17bc50809"},{"ts":1783011422,"slot":2,"type":"buy","state":"partial","itemId":5300,"price":50710,"qty":50,"filled":39,"spent":1977690,"id":"67b6f30353fc87fc"},{"ts":1783011427,"slot":2,"type":"buy","state":"partial","itemId":5300,"price":50710,"qty":50,"filled":43,"spent":2180530,"id":"326b4b717c7b060c"},{"ts":1783011627,"slot":2,"type":"buy","state":"partial","itemId":5300,"price":50710,"qty":50,"filled":50,"spent":2535500,"id":"df7d7bfc35099763"},{"ts":1783011628,"slot":2,"type":"buy","state":"complete","itemId":5300,"price":50710,"qty":50,"filled":50,"spent":2535500,"id":"f104c4c4e24de53f"},{"ts":1783011936,"slot":1,"type":"buy","state":"partial","itemId":23959,"price":3390001,"qty":3,"filled":1,"spent":3390001,"id":"0d77c6b712e77963"},{"ts":1783012179,"slot":1,"type":"buy","state":"partial","itemId":23959,"price":3390001,"qty":3,"filled":3,"spent":10170003,"id":"0accef008825a39a"},{"ts":1783012180,"slot":1,"type":"buy","state":"complete","itemId":23959,"price":3390001,"qty":3,"filled":3,"spent":10170003,"id":"0abce7cb771996dc"},{"ts":1783012243,"slot":2,"type":"sell","state":"placed","itemId":23959,"price":3484000,"qty":3,"filled":0,"spent":0,"id":"b290365845f980ec"},{"ts":1783012280,"slot":2,"type":"sell","state":"partial","itemId":23959,"price":3484000,"qty":3,"filled":2,"spent":6968000,"id":"c6bc161665495b50"},{"ts":1783012322,"slot":2,"type":"sell","state":"partial","itemId":23959,"price":3484000,"qty":3,"filled":3,"spent":10452000,"id":"1b5517d6613a931a"},{"ts":1783012323,"slot":2,"type":"sell","state":"complete","itemId":23959,"price":3484000,"qty":3,"filled":3,"spent":10452000,"id":"735c02f151c59778"},{"ts":1783012343,"slot":0,"type":"buy","state":"placed","itemId":23959,"price":3390001,"qty":5,"filled":0,"spent":0,"id":"709d9db4291a40b7"},{"ts":1783012586,"slot":1,"type":"buy","state":"placed","itemId":11924,"price":1955000,"qty":2,"filled":0,"spent":0,"id":"c360dbf99b301f7b"},{"ts":1783012607,"slot":2,"type":"buy","state":"placed","itemId":12000,"price":1933000,"qty":2,"filled":0,"spent":0,"id":"cffd4ba34ddb4d1a"},{"ts":1783012629,"slot":7,"type":"buy","state":"placed","itemId":11284,"price":3797000,"qty":2,"filled":0,"spent":0,"id":"e9c73b7312c694ee"},{"ts":1783012652,"slot":7,"type":"buy","state":"partial","itemId":11284,"price":3797000,"qty":2,"filled":1,"spent":3797000,"id":"287c03de12e3a76b"},{"ts":1783012664,"slot":6,"type":"sell","state":"placed","itemId":11284,"price":3911000,"qty":1,"filled":0,"spent":0,"id":"ec9db57e19149f5e"},{"ts":1783012665,"slot":7,"type":"buy","state":"partial","itemId":11284,"price":3797000,"qty":2,"filled":2,"spent":7594000,"id":"cd5cff7ebccd2ef7"},{"ts":1783012666,"slot":7,"type":"buy","state":"complete","itemId":11284,"price":3797000,"qty":2,"filled":2,"spent":7594000,"id":"13fa25dfd13de54b"},{"ts":1783012669,"slot":6,"type":"sell","state":"cancelled","itemId":11284,"price":3911000,"qty":1,"filled":0,"spent":0,"id":"d9f5e8aa194da124"},{"ts":1783012673,"slot":6,"type":"sell","state":"placed","itemId":11284,"price":3911000,"qty":2,"filled":0,"spent":0,"id":"5bc1b938749fa36c"},{"ts":1783012700,"slot":6,"type":"sell","state":"partial","itemId":11284,"price":3911000,"qty":2,"filled":1,"spent":3911000,"id":"7ede8a363515ea40"},{"ts":1783012765,"slot":3,"type":"buy","state":"cancelled","itemId":6585,"price":2835500,"qty":4,"filled":0,"spent":0,"id":"b4c72dee266f1456"},{"ts":1783012776,"slot":3,"type":"buy","state":"placed","itemId":11284,"price":3797000,"qty":2,"filled":0,"spent":0,"id":"885f0a2bb77873c9"},{"ts":1783012784,"slot":3,"type":"buy","state":"cancelled","itemId":11284,"price":3797000,"qty":2,"filled":0,"spent":0,"id":"4d8d54364fa8e3fe"},{"ts":1783012788,"slot":3,"type":"buy","state":"placed","itemId":11284,"price":3797000,"qty":3,"filled":0,"spent":0,"id":"6c191f7a6c3efac2"},{"ts":1783013064,"slot":6,"type":"sell","state":"partial","itemId":11284,"price":3911000,"qty":2,"filled":2,"spent":7822000,"id":"8a2f37ffb1496357"},{"ts":1783013065,"slot":6,"type":"sell","state":"complete","itemId":11284,"price":3911000,"qty":2,"filled":2,"spent":7822000,"id":"23aecc6745b1a6c3"},{"ts":1783013318,"slot":1,"type":"buy","state":"partial","itemId":11924,"price":1955000,"qty":2,"filled":1,"spent":1955000,"id":"bde8f89474747b56"},{"ts":1783013340,"slot":5,"type":"sell","state":"placed","itemId":11924,"price":2044000,"qty":1,"filled":0,"spent":0,"id":"9ded0d5488a3e49a"},{"ts":1783013924,"slot":3,"type":"buy","state":"partial","itemId":11284,"price":3797000,"qty":3,"filled":1,"spent":3797000,"id":"dc9a1f5cb0b03342"},{"ts":1783013943,"slot":7,"type":"sell","state":"placed","itemId":11284,"price":3911000,"qty":1,"filled":0,"spent":0,"id":"3ea0f74443d5050c"},{"ts":1783014062,"slot":3,"type":"buy","state":"partial","itemId":11284,"price":3797000,"qty":3,"filled":2,"spent":7594000,"id":"a3e6b83c2d7b6d57"},{"ts":1783014069,"slot":3,"type":"buy","state":"partial","itemId":11284,"price":3797000,"qty":3,"filled":3,"spent":11391000,"id":"b625324057cdc152"},{"ts":1783014069,"slot":3,"type":"buy","state":"complete","itemId":11284,"price":3797000,"qty":3,"filled":3,"spent":11391000,"id":"e2f0ae60100146df"},{"ts":1783014083,"slot":7,"type":"sell","state":"cancelled","itemId":11284,"price":3911000,"qty":1,"filled":0,"spent":0,"id":"85036f09fddcb0cc"},{"ts":1783014087,"slot":7,"type":"sell","state":"placed","itemId":11284,"price":3911000,"qty":3,"filled":0,"spent":0,"id":"f8ca2cb1dee747a3"},{"ts":1783014353,"slot":0,"type":"buy","state":"partial","itemId":23959,"price":3390001,"qty":5,"filled":4,"spent":13560004,"id":"1199f1b0c50460d0"},{"ts":1783014373,"slot":4,"type":"sell","state":"placed","itemId":23959,"price":3484000,"qty":4,"filled":0,"spent":0,"id":"a5148d9d49d79c0e"},{"ts":1783014403,"slot":0,"type":"buy","state":"partial","itemId":23959,"price":3390001,"qty":5,"filled":5,"spent":16950005,"id":"fd71c8d138743ecb"},{"ts":1783014404,"slot":0,"type":"buy","state":"complete","itemId":23959,"price":3390001,"qty":5,"filled":5,"spent":16950005,"id":"c6c6c458c65314e7"},{"ts":1783014410,"slot":4,"type":"sell","state":"cancelled","itemId":23959,"price":3484000,"qty":4,"filled":0,"spent":0,"id":"0d480714892a1bd9"},{"ts":1783014414,"slot":4,"type":"sell","state":"placed","itemId":23959,"price":3484000,"qty":5,"filled":0,"spent":0,"id":"0e74061bdab7f674"},{"ts":1783014607,"slot":1,"type":"buy","state":"partial","itemId":11924,"price":1955000,"qty":2,"filled":2,"spent":3910000,"id":"12f6b1fe69f71c43"},{"ts":1783014607,"slot":1,"type":"buy","state":"complete","itemId":11924,"price":1955000,"qty":2,"filled":2,"spent":3910000,"id":"7ad0a97e44811255"},{"ts":1783014657,"slot":4,"type":"sell","state":"cancelled","itemId":23959,"price":3484000,"qty":5,"filled":0,"spent":0,"id":"23cfa63090b0b5da"},{"ts":1783014691,"slot":4,"type":"sell","state":"placed","itemId":23959,"price":3484000,"qty":5,"filled":0,"spent":0,"id":"9abf5e6e7258ffc0"},{"ts":1783014714,"slot":4,"type":"sell","state":"partial","itemId":23959,"price":3484000,"qty":5,"filled":5,"spent":17420000,"id":"0b426e0c3f615dfd"},{"ts":1783014715,"slot":4,"type":"sell","state":"complete","itemId":23959,"price":3484000,"qty":5,"filled":5,"spent":17420000,"id":"654bf587c5fa7819"},{"ts":1783014760,"slot":0,"type":"buy","state":"placed","itemId":23959,"price":3390001,"qty":5,"filled":0,"spent":0,"id":"d6668c749dd56d3a"},{"ts":1783014812,"slot":5,"type":"sell","state":"cancelled","itemId":11924,"price":2044000,"qty":1,"filled":0,"spent":0,"id":"aba8f7d14dbde886"},{"ts":1783014815,"slot":5,"type":"sell","state":"placed","itemId":11924,"price":2044000,"qty":2,"filled":0,"spent":0,"id":"c9b41dbf1da6beb2"},{"ts":1783015277,"slot":0,"type":"buy","state":"partial","itemId":23959,"price":3390001,"qty":5,"filled":5,"spent":16950005,"id":"a241de3a70d9055f"},{"ts":1783015278,"slot":0,"type":"buy","state":"complete","itemId":23959,"price":3390001,"qty":5,"filled":5,"spent":16950005,"id":"8b9660e3145b17da"},{"ts":1783016102,"slot":0,"type":"buy","state":"complete","itemId":23959,"price":3390001,"qty":5,"filled":5,"spent":16950005,"id":"5dea2863f3a31034"},{"ts":1783016156,"slot":4,"type":"sell","state":"placed","itemId":23959,"price":3484000,"qty":5,"filled":0,"spent":0,"id":"53e47e7ff7a2f0d5"},{"ts":1783016173,"slot":7,"type":"sell","state":"cancelled","itemId":11284,"price":3911000,"qty":3,"filled":0,"spent":0,"id":"e9e180cb83021fd9"},{"ts":1783016180,"slot":7,"type":"sell","state":"placed","itemId":11284,"price":3898000,"qty":3,"filled":0,"spent":0,"id":"0de5c8140c92fc36"},{"ts":1783016184,"slot":5,"type":"sell","state":"cancelled","itemId":11924,"price":2044000,"qty":2,"filled":0,"spent":0,"id":"33fab5fcf570c486"},{"ts":1783016234,"slot":5,"type":"sell","state":"placed","itemId":11924,"price":2033000,"qty":2,"filled":0,"spent":0,"id":"e333fcbfcb92034e"},{"ts":1783017039,"slot":2,"type":"buy","state":"partial","itemId":12000,"price":1933000,"qty":2,"filled":1,"spent":1933000,"id":"ad8f4f2a6f273708"},{"ts":1783017257,"slot":4,"type":"sell","state":"partial","itemId":23959,"price":3484000,"qty":5,"filled":5,"spent":17420000,"id":"8402f32feeb59e07"},{"ts":1783017258,"slot":4,"type":"sell","state":"complete","itemId":23959,"price":3484000,"qty":5,"filled":5,"spent":17420000,"id":"accf9a22d77e0c29"},{"ts":1783017287,"slot":0,"type":"buy","state":"placed","itemId":23959,"price":3390001,"qty":5,"filled":0,"spent":0,"id":"4220209e6d9e4bc2"},{"ts":1783017306,"slot":6,"type":"sell","state":"placed","itemId":12000,"price":1999000,"qty":1,"filled":0,"spent":0,"id":"439c44d6b2e1e321"},{"ts":1783017456,"slot":6,"type":"sell","state":"partial","itemId":12000,"price":1999000,"qty":1,"filled":1,"spent":1999000,"id":"b0d32b2350e127c4"},{"ts":1783017457,"slot":6,"type":"sell","state":"complete","itemId":12000,"price":1999000,"qty":1,"filled":1,"spent":1999000,"id":"19b6b32cfd8634a9"},{"ts":1783017805,"slot":1,"type":"sell","state":"placed","itemId":3000,"price":8110,"qty":74,"filled":0,"spent":0,"id":"b2c108843eb62d7c"},{"ts":1783018285,"slot":1,"type":"sell","state":"cancelled","itemId":3000,"price":8110,"qty":74,"filled":0,"spent":0,"id":"61628b53d67838d1"},{"ts":1783018286,"slot":5,"type":"sell","state":"partial","itemId":11924,"price":2033000,"qty":2,"filled":1,"spent":2033000,"id":"a3794abd1c4473bc"},{"ts":1783018288,"slot":1,"type":"sell","state":"placed","itemId":3000,"price":8110,"qty":106,"filled":0,"spent":0,"id":"6f3a3115f391e49a"},{"ts":1783018466,"slot":7,"type":"sell","state":"partial","itemId":11284,"price":3898000,"qty":3,"filled":1,"spent":3898000,"id":"3aad61146e9413c7"},{"ts":1783018473,"slot":7,"type":"sell","state":"partial","itemId":11284,"price":3898000,"qty":3,"filled":2,"spent":7796000,"id":"28cf2eac32091c64"},{"ts":1783018481,"slot":7,"type":"sell","state":"partial","itemId":11284,"price":3898000,"qty":3,"filled":3,"spent":11694000,"id":"72cdf98420c633ea"},{"ts":1783018482,"slot":7,"type":"sell","state":"complete","itemId":11284,"price":3898000,"qty":3,"filled":3,"spent":11694000,"id":"db2a89fee141a805"},{"ts":1783018526,"slot":1,"type":"sell","state":"partial","itemId":3000,"price":8110,"qty":106,"filled":106,"spent":859660,"id":"e5bbcdc663b0d87f"},{"ts":1783018526,"slot":1,"type":"sell","state":"complete","itemId":3000,"price":8110,"qty":106,"filled":106,"spent":859660,"id":"2a8903f311ae43f1"},{"ts":1783018550,"slot":1,"type":"buy","state":"placed","itemId":11284,"price":3797000,"qty":3,"filled":0,"spent":0,"id":"329979231d9b9aaa"},{"ts":1783018590,"slot":1,"type":"buy","state":"partial","itemId":11284,"price":3797000,"qty":3,"filled":1,"spent":3797000,"id":"adb7f9fcdfe1a658"},{"ts":1783018617,"slot":3,"type":"sell","state":"placed","itemId":11284,"price":3911000,"qty":1,"filled":0,"spent":0,"id":"c2d1a5f20b04df7f"},{"ts":1783018654,"slot":2,"type":"buy","state":"partial","itemId":12000,"price":1933000,"qty":2,"filled":2,"spent":3866000,"id":"cd66cfa2694075f2"},{"ts":1783018654,"slot":2,"type":"buy","state":"complete","itemId":12000,"price":1933000,"qty":2,"filled":2,"spent":3866000,"id":"fe4cd0d19f725093"},{"ts":1783018677,"slot":2,"type":"buy","state":"placed","itemId":12000,"price":1933000,"qty":3,"filled":0,"spent":0,"id":"f33d8af8946dc52d"},{"ts":1783018718,"slot":1,"type":"buy","state":"partial","itemId":11284,"price":3797000,"qty":3,"filled":2,"spent":7594000,"id":"1ae39634f6864ae0"},{"ts":1783018741,"slot":3,"type":"sell","state":"cancelled","itemId":11284,"price":3911000,"qty":1,"filled":0,"spent":0,"id":"14b699a4b910f0d1"},{"ts":1783018745,"slot":3,"type":"sell","state":"placed","itemId":11284,"price":3911000,"qty":2,"filled":0,"spent":0,"id":"400a2e77fc8efb6e"},{"ts":1783018795,"slot":5,"type":"sell","state":"partial","itemId":11924,"price":2033000,"qty":2,"filled":2,"spent":4066000,"id":"574c75f84f448aa1"},{"ts":1783018796,"slot":5,"type":"sell","state":"complete","itemId":11924,"price":2033000,"qty":2,"filled":2,"spent":4066000,"id":"2e83dbf6cbd84f2e"},{"ts":1783018799,"slot":1,"type":"buy","state":"partial","itemId":11284,"price":3797000,"qty":3,"filled":3,"spent":11391000,"id":"938df916ce6b655c"},{"ts":1783018800,"slot":1,"type":"buy","state":"complete","itemId":11284,"price":3797000,"qty":3,"filled":3,"spent":11391000,"id":"75d6512e7f6f89df"},{"ts":1783018901,"slot":3,"type":"sell","state":"cancelled","itemId":11284,"price":3911000,"qty":2,"filled":0,"spent":0,"id":"566114c6fe4738d2"},{"ts":1783018906,"slot":3,"type":"sell","state":"placed","itemId":11284,"price":3911000,"qty":3,"filled":0,"spent":0,"id":"d39edd0492565511"},{"ts":1783018931,"slot":1,"type":"buy","state":"placed","itemId":11284,"price":3787000,"qty":2,"filled":0,"spent":0,"id":"f0de239ed8edf388"},{"ts":1783019325,"slot":3,"type":"sell","state":"partial","itemId":11284,"price":3911000,"qty":3,"filled":1,"spent":3911000,"id":"b78b2a2bfb6c2e5b"},{"ts":1783019574,"slot":4,"type":"buy","state":"placed","itemId":11924,"price":1955000,"qty":1,"filled":0,"spent":0,"id":"a92b621f58b5c525"},{"ts":1783019720,"slot":4,"type":"buy","state":"partial","itemId":11924,"price":1955000,"qty":1,"filled":1,"spent":1955000,"id":"05fae9d7813b0b77"},{"ts":1783019721,"slot":4,"type":"buy","state":"complete","itemId":11924,"price":1955000,"qty":1,"filled":1,"spent":1955000,"id":"6458268fc0088d1e"},{"ts":1783019747,"slot":7,"type":"sell","state":"placed","itemId":11924,"price":2039000,"qty":1,"filled":0,"spent":0,"id":"e4b07d5d69b9ce3e"},{"ts":1783021115,"slot":0,"type":"buy","state":"partial","itemId":23959,"price":3390001,"qty":5,"filled":3,"spent":10170003,"id":"25de322d6c4f4184"},{"ts":1783021142,"slot":0,"type":"buy","state":"partial","itemId":23959,"price":3390001,"qty":5,"filled":5,"spent":16950005,"id":"81ac0ed052c2d34a"},{"ts":1783021143,"slot":0,"type":"buy","state":"complete","itemId":23959,"price":3390001,"qty":5,"filled":5,"spent":16950005,"id":"f501fb9c86eafc33"},{"ts":1783021145,"slot":4,"type":"sell","state":"placed","itemId":23959,"price":3535000,"qty":3,"filled":0,"spent":0,"id":"b87b6667227628fd"},{"ts":1783021150,"slot":4,"type":"sell","state":"cancelled","itemId":23959,"price":3535000,"qty":3,"filled":0,"spent":0,"id":"c2944d9fca7a6f00"},{"ts":1783021154,"slot":4,"type":"sell","state":"placed","itemId":23959,"price":3535000,"qty":5,"filled":0,"spent":0,"id":"f1309254819201de"},{"ts":1783021375,"slot":4,"type":"sell","state":"partial","itemId":23959,"price":3535000,"qty":5,"filled":1,"spent":3535000,"id":"37c2235f2bf5fa4e"},{"ts":1783021416,"slot":0,"type":"buy","state":"placed","itemId":23959,"price":3390000,"qty":1,"filled":0,"spent":0,"id":"b9be7205709c182d"},{"ts":1783021502,"slot":4,"type":"sell","state":"partial","itemId":23959,"price":3535000,"qty":5,"filled":5,"spent":17675000,"id":"566f42df96f2ef56"},{"ts":1783021502,"slot":4,"type":"sell","state":"complete","itemId":23959,"price":3535000,"qty":5,"filled":5,"spent":17675000,"id":"d8b922cb532c0daa"},{"ts":1783021508,"slot":0,"type":"buy","state":"cancelled","itemId":23959,"price":3390000,"qty":1,"filled":0,"spent":0,"id":"b913804417806dde"},{"ts":1783021517,"slot":0,"type":"buy","state":"placed","itemId":23959,"price":3390000,"qty":5,"filled":0,"spent":0,"id":"51b42762dbd51dba"},{"ts":1783021543,"slot":2,"type":"buy","state":"cancelled","itemId":12000,"price":1933000,"qty":3,"filled":0,"spent":0,"id":"2f282b6cd3ae5ac7"},{"ts":1783021547,"slot":0,"type":"buy","state":"cancelled","itemId":23959,"price":3390000,"qty":5,"filled":0,"spent":0,"id":"856833b0d5c3778e"},{"ts":1783021560,"slot":0,"type":"buy","state":"placed","itemId":23959,"price":3390000,"qty":7,"filled":0,"spent":0,"id":"ae0985e5fc31c28c"},{"ts":1783021753,"slot":0,"type":"buy","state":"cancelled","itemId":23959,"price":3390000,"qty":7,"filled":0,"spent":0,"id":"45178f57db3ed402"},{"ts":1783021759,"slot":0,"type":"buy","state":"placed","itemId":23959,"price":3390001,"qty":5,"filled":0,"spent":0,"id":"054ae83e3eb19f21"},{"ts":1783021783,"slot":4,"type":"buy","state":"placed","itemId":23959,"price":3410000,"qty":2,"filled":0,"spent":0,"id":"5fb6dee08ce1ff65"},{"ts":1783022195,"slot":7,"type":"sell","state":"cancelled","itemId":11924,"price":2039000,"qty":1,"filled":0,"spent":0,"id":"0ab3e9f03c3542e7"},{"ts":1783022203,"slot":7,"type":"sell","state":"placed","itemId":11924,"price":2021000,"qty":1,"filled":0,"spent":0,"id":"d091f562ad846b7d"},{"ts":1783022863,"slot":1,"type":"buy","state":"cancelled","itemId":11284,"price":3787000,"qty":2,"filled":0,"spent":0,"id":"5496a09432cf07af"},{"ts":1783022907,"slot":4,"type":"buy","state":"cancelled","itemId":23959,"price":3410000,"qty":2,"filled":0,"spent":0,"id":"445a988f2218d992"},{"ts":1783022928,"slot":4,"type":"buy","state":"placed","itemId":23959,"price":3420000,"qty":2,"filled":0,"spent":0,"id":"a55a599a9217e1df"},{"ts":1783023249,"slot":4,"type":"buy","state":"partial","itemId":23959,"price":3420000,"qty":2,"filled":1,"spent":3420000,"id":"04c5ccb5025b2d90"},{"ts":1783023258,"slot":4,"type":"buy","state":"partial","itemId":23959,"price":3420000,"qty":2,"filled":2,"spent":6840000,"id":"8d2f1e82cb44f32c"},{"ts":1783023258,"slot":4,"type":"buy","state":"complete","itemId":23959,"price":3420000,"qty":2,"filled":2,"spent":6840000,"id":"3da49950c1a6c1ca"},{"ts":1783023565,"slot":1,"type":"sell","state":"placed","itemId":23959,"price":3535000,"qty":1,"filled":0,"spent":0,"id":"bcec710d430b2df2"},{"ts":1783023570,"slot":1,"type":"sell","state":"cancelled","itemId":23959,"price":3535000,"qty":1,"filled":0,"spent":0,"id":"3ef1d4a4be60d8e1"},{"ts":1783023573,"slot":1,"type":"sell","state":"placed","itemId":23959,"price":3535000,"qty":2,"filled":0,"spent":0,"id":"a1ef2d5e87b76164"},{"ts":1783023712,"slot":1,"type":"sell","state":"partial","itemId":23959,"price":3535000,"qty":2,"filled":1,"spent":3535000,"id":"214b966ce20ff552"},{"ts":1783023751,"slot":1,"type":"sell","state":"partial","itemId":23959,"price":3535000,"qty":2,"filled":2,"spent":7070000,"id":"06a59b1ef439d54b"},{"ts":1783023751,"slot":1,"type":"sell","state":"complete","itemId":23959,"price":3535000,"qty":2,"filled":2,"spent":7070000,"id":"19815ada38c7f089"},{"ts":1783023760,"slot":0,"type":"buy","state":"cancelled","itemId":23959,"price":3390001,"qty":5,"filled":0,"spent":0,"id":"3b48ced27ba27c71"},{"ts":1783024075,"slot":0,"type":"buy","state":"placed","itemId":23959,"price":3420000,"qty":5,"filled":0,"spent":0,"id":"114930bc177ef2d4"},{"ts":1783025497,"slot":0,"type":"buy","state":"cancelled","itemId":23959,"price":3420000,"qty":5,"filled":0,"spent":0,"id":"9c7b281ae754ca07"},{"ts":1783025507,"slot":0,"type":"buy","state":"placed","itemId":23959,"price":3430000,"qty":5,"filled":0,"spent":0,"id":"d7bb9f2f468b8ed8"},{"ts":1783025579,"slot":0,"type":"buy","state":"partial","itemId":23959,"price":3430000,"qty":5,"filled":2,"spent":6860000,"id":"32a79be264af6150"},{"ts":1783025595,"slot":0,"type":"buy","state":"partial","itemId":23959,"price":3430000,"qty":5,"filled":5,"spent":17150000,"id":"a600af73b57cc9fc"},{"ts":1783025595,"slot":0,"type":"buy","state":"complete","itemId":23959,"price":3430000,"qty":5,"filled":5,"spent":17150000,"id":"0e6450ccb5b8f8d3"},{"ts":1783025682,"slot":0,"type":"sell","state":"placed","itemId":23959,"price":3535000,"qty":5,"filled":0,"spent":0,"id":"71f615482b0ec67b"},{"ts":1783026017,"slot":0,"type":"sell","state":"partial","itemId":23959,"price":3535000,"qty":5,"filled":5,"spent":17675000,"id":"e51a960ae84f444b"},{"ts":1783026017,"slot":0,"type":"sell","state":"complete","itemId":23959,"price":3535000,"qty":5,"filled":5,"spent":17675000,"id":"c44ceaa8986fd81e"},{"ts":1783026144,"slot":0,"type":"buy","state":"placed","itemId":23959,"price":3428000,"qty":9,"filled":0,"spent":0,"id":"bd93ae44f5c0e4c2"},{"ts":1783026248,"slot":0,"type":"buy","state":"cancelled","itemId":23959,"price":3428000,"qty":9,"filled":0,"spent":0,"id":"4063fdadc5492bb7"},{"ts":1783026254,"slot":0,"type":"buy","state":"placed","itemId":23959,"price":3431000,"qty":9,"filled":0,"spent":0,"id":"e26e655581d90adb"},{"ts":1783027053,"slot":0,"type":"buy","state":"partial","itemId":23959,"price":3431000,"qty":9,"filled":2,"spent":6862000,"id":"8da7945dd95ad75c"},{"ts":1783027151,"slot":0,"type":"buy","state":"partial","itemId":23959,"price":3431000,"qty":9,"filled":4,"spent":13724000,"id":"5720ea5015c50592"},{"ts":1783027164,"slot":4,"type":"sell","state":"placed","itemId":23959,"price":3545000,"qty":2,"filled":0,"spent":0,"id":"3687763c9a1030b9"},{"ts":1783027174,"slot":1,"type":"sell","state":"placed","itemId":23959,"price":3535000,"qty":2,"filled":0,"spent":0,"id":"d87091a0726e0a2c"},{"ts":1783027186,"slot":7,"type":"sell","state":"cancelled","itemId":11924,"price":2021000,"qty":1,"filled":0,"spent":0,"id":"a5ee71d783a49141"},{"ts":1783027195,"slot":7,"type":"sell","state":"placed","itemId":11924,"price":2011000,"qty":1,"filled":0,"spent":0,"id":"88fc92596e01153e"},{"ts":1783027204,"slot":3,"type":"sell","state":"cancelled","itemId":11284,"price":3911000,"qty":3,"filled":1,"spent":3911000,"id":"d08467529d17eb3b"},{"ts":1783027229,"slot":3,"type":"sell","state":"placed","itemId":11284,"price":3874490,"qty":2,"filled":0,"spent":0,"id":"fed91ebc2561fb5f"},{"ts":1783027304,"slot":0,"type":"buy","state":"partial","itemId":23959,"price":3431000,"qty":9,"filled":6,"spent":20586000,"id":"d7ae590cf36f36ea"},{"ts":1783027322,"slot":0,"type":"buy","state":"cancelled","itemId":23959,"price":3431000,"qty":9,"filled":6,"spent":20586000,"id":"bbe29e70c6c71212"},{"ts":1783027331,"slot":0,"type":"buy","state":"placed","itemId":23959,"price":3391000,"qty":3,"filled":0,"spent":0,"id":"699c86c3d9baf1be"},{"ts":1783027342,"slot":4,"type":"sell","state":"cancelled","itemId":23959,"price":3545000,"qty":2,"filled":0,"spent":0,"id":"9398bab8918e423f"},{"ts":1783027351,"slot":4,"type":"sell","state":"placed","itemId":23959,"price":3524990,"qty":2,"filled":0,"spent":0,"id":"43a8415d5005c889"},{"ts":1783027541,"slot":7,"type":"sell","state":"partial","itemId":11924,"price":2011000,"qty":1,"filled":1,"spent":2011000,"id":"086c20c59a6d47e9"},{"ts":1783027541,"slot":7,"type":"sell","state":"complete","itemId":11924,"price":2011000,"qty":1,"filled":1,"spent":2011000,"id":"4c6f9dd29aa53e40"},{"ts":1783027552,"slot":0,"type":"buy","state":"cancelled","itemId":23959,"price":3391000,"qty":3,"filled":0,"spent":0,"id":"ce3e8e060d4e1598"},{"ts":1783027558,"slot":0,"type":"buy","state":"placed","itemId":23959,"price":3391000,"qty":5,"filled":0,"spent":0,"id":"5c12ab5ef238c51d"},{"ts":1783027664,"slot":5,"type":"sell","state":"placed","itemId":23959,"price":3497000,"qty":2,"filled":0,"spent":0,"id":"6a4630cfe69f889b"},{"ts":1783027682,"slot":5,"type":"sell","state":"partial","itemId":23959,"price":3497000,"qty":2,"filled":2,"spent":6994000,"id":"d6a17fc1454b8366"},{"ts":1783027682,"slot":5,"type":"sell","state":"complete","itemId":23959,"price":3497000,"qty":2,"filled":2,"spent":6994000,"id":"518107799ff1b282"},{"ts":1783028002,"slot":1,"type":"sell","state":"partial","itemId":23959,"price":3535000,"qty":2,"filled":2,"spent":7070000,"id":"6a511679ae120e64"},{"ts":1783028002,"slot":4,"type":"sell","state":"partial","itemId":23959,"price":3524990,"qty":2,"filled":2,"spent":7049980,"id":"777de1dc58ad26ad"},{"ts":1783028003,"slot":1,"type":"sell","state":"complete","itemId":23959,"price":3535000,"qty":2,"filled":2,"spent":7070000,"id":"0568fc2ee3e489df"},{"ts":1783028003,"slot":4,"type":"sell","state":"complete","itemId":23959,"price":3524990,"qty":2,"filled":2,"spent":7049980,"id":"d3b97fc445e4821d"},{"ts":1783028062,"slot":0,"type":"buy","state":"cancelled","itemId":23959,"price":3391000,"qty":5,"filled":0,"spent":0,"id":"d5bc4911ff301305"},{"ts":1783028083,"slot":0,"type":"buy","state":"placed","itemId":23959,"price":3428880,"qty":11,"filled":0,"spent":0,"id":"6376a4397cf28c80"},{"ts":1783028097,"slot":0,"type":"buy","state":"partial","itemId":23959,"price":3428880,"qty":11,"filled":1,"spent":3428880,"id":"839a79486a9436b8"},{"ts":1783028100,"slot":0,"type":"buy","state":"partial","itemId":23959,"price":3428880,"qty":11,"filled":3,"spent":10286640,"id":"a78088544649a77f"},{"ts":1783028109,"slot":1,"type":"sell","state":"placed","itemId":23959,"price":3535000,"qty":3,"filled":0,"spent":0,"id":"8ce7d9b5a91d7329"},{"ts":1783028326,"slot":0,"type":"buy","state":"partial","itemId":23959,"price":3428880,"qty":11,"filled":4,"spent":13715520,"id":"1282eb2c55039888"},{"ts":1783028359,"slot":1,"type":"sell","state":"cancelled","itemId":23959,"price":3535000,"qty":3,"filled":0,"spent":0,"id":"a15f9cf24a8d01b8"},{"ts":1783028365,"slot":1,"type":"sell","state":"placed","itemId":23959,"price":3534998,"qty":4,"filled":0,"spent":0,"id":"453dc00e34076224"},{"ts":1783028409,"slot":0,"type":"buy","state":"partial","itemId":23959,"price":3428880,"qty":11,"filled":6,"spent":20573280,"id":"92fc8046d438d77f"},{"ts":1783028419,"slot":5,"type":"sell","state":"placed","itemId":23959,"price":3535000,"qty":2,"filled":0,"spent":0,"id":"6d6f3f4d1af845f8"},{"ts":1783028425,"slot":0,"type":"buy","state":"cancelled","itemId":23959,"price":3428880,"qty":11,"filled":6,"spent":20573280,"id":"c9d04fbd94da42d2"},{"ts":1783028434,"slot":0,"type":"buy","state":"placed","itemId":23959,"price":3420003,"qty":5,"filled":0,"spent":0,"id":"8e8cd489ba8b3edd"},{"ts":1783028698,"slot":0,"type":"buy","state":"partial","itemId":23959,"price":3420003,"qty":5,"filled":5,"spent":17100015,"id":"c1511552b60af23f"},{"ts":1783028699,"slot":0,"type":"buy","state":"complete","itemId":23959,"price":3420003,"qty":5,"filled":5,"spent":17100015,"id":"4d7620a4fff1c0c8"},{"ts":1783028715,"slot":0,"type":"sell","state":"placed","itemId":23959,"price":3535000,"qty":5,"filled":0,"spent":0,"id":"db58d0e4ff416f3a"},{"ts":1783029341,"slot":1,"type":"sell","state":"partial","itemId":23959,"price":3534998,"qty":4,"filled":3,"spent":10604994,"id":"857667e7e40a5a57"},{"ts":1783029449,"slot":0,"type":"sell","state":"partial","itemId":23959,"price":3535000,"qty":5,"filled":5,"spent":17675000,"id":"5c0bbdfbc7af2c41"},{"ts":1783029449,"slot":1,"type":"sell","state":"partial","itemId":23959,"price":3534998,"qty":4,"filled":4,"spent":14139992,"id":"27378c3443b391b6"},{"ts":1783029449,"slot":5,"type":"sell","state":"partial","itemId":23959,"price":3535000,"qty":2,"filled":2,"spent":7070000,"id":"d189de8062027341"},{"ts":1783029450,"slot":0,"type":"sell","state":"complete","itemId":23959,"price":3535000,"qty":5,"filled":5,"spent":17675000,"id":"48f9801f81a3511f"},{"ts":1783029450,"slot":1,"type":"sell","state":"complete","itemId":23959,"price":3534998,"qty":4,"filled":4,"spent":14139992,"id":"9330a5e787760014"},{"ts":1783029450,"slot":5,"type":"sell","state":"complete","itemId":23959,"price":3535000,"qty":2,"filled":2,"spent":7070000,"id":"2dde2e7b7809c482"},{"ts":1783029591,"slot":4,"type":"buy","state":"placed","itemId":23959,"price":3374000,"qty":3,"filled":0,"spent":0,"id":"0300905a1d0da78d"},{"ts":1783029661,"slot":0,"type":"buy","state":"placed","itemId":23959,"price":3391002,"qty":8,"filled":0,"spent":0,"id":"f2316b63f6e238a9"},{"ts":1783030590,"slot":4,"type":"buy","state":"cancelled","itemId":23959,"price":3374000,"qty":3,"filled":0,"spent":0,"id":"0bbc3cda912274de"},{"ts":1783030601,"slot":4,"type":"buy","state":"placed","itemId":23959,"price":3426000,"qty":3,"filled":0,"spent":0,"id":"bc0f37672d2c508e"},{"ts":1783031591,"slot":4,"type":"buy","state":"partial","itemId":23959,"price":3426000,"qty":3,"filled":3,"spent":10278000,"id":"d8ff42be4bbd3cd0"},{"ts":1783031592,"slot":4,"type":"buy","state":"complete","itemId":23959,"price":3426000,"qty":3,"filled":3,"spent":10278000,"id":"d498ba78ab0c1e5e"},{"ts":1783031604,"slot":1,"type":"sell","state":"placed","itemId":23959,"price":3549000,"qty":3,"filled":0,"spent":0,"id":"4f32459edf7302bd"},{"ts":1783031619,"slot":0,"type":"buy","state":"cancelled","itemId":23959,"price":3391002,"qty":8,"filled":0,"spent":0,"id":"afa350b18d1e095b"},{"ts":1783031626,"slot":0,"type":"buy","state":"placed","itemId":23959,"price":3401000,"qty":8,"filled":0,"spent":0,"id":"1f7acba2fb7f24e2"},{"ts":1783031652,"slot":1,"type":"sell","state":"partial","itemId":23959,"price":3549000,"qty":3,"filled":1,"spent":3549000,"id":"eddc334f3d61e650"},{"ts":1783031655,"slot":1,"type":"sell","state":"partial","itemId":23959,"price":3549000,"qty":3,"filled":2,"spent":7098000,"id":"09916725a652c2b6"},{"ts":1783031751,"slot":4,"type":"buy","state":"placed","itemId":23959,"price":3421000,"qty":2,"filled":0,"spent":0,"id":"5ed20a894623406c"},{"ts":1783031804,"slot":1,"type":"sell","state":"partial","itemId":23959,"price":3549000,"qty":3,"filled":3,"spent":10647000,"id":"1b866aa4afeb02b3"},{"ts":1783031804,"slot":1,"type":"sell","state":"complete","itemId":23959,"price":3549000,"qty":3,"filled":3,"spent":10647000,"id":"0fa9084522b940bb"},{"ts":1783031818,"slot":1,"type":"buy","state":"placed","itemId":23959,"price":3431000,"qty":1,"filled":0,"spent":0,"id":"7097eb3cba9becef"},{"ts":1783032395,"slot":1,"type":"buy","state":"partial","itemId":23959,"price":3431000,"qty":1,"filled":1,"spent":3431000,"id":"f56bb2a72a9d89d1"},{"ts":1783032395,"slot":4,"type":"buy","state":"partial","itemId":23959,"price":3421000,"qty":2,"filled":1,"spent":3421000,"id":"af1611af1be4dd02"},{"ts":1783032396,"slot":1,"type":"buy","state":"complete","itemId":23959,"price":3431000,"qty":1,"filled":1,"spent":3431000,"id":"c0eba99aaa3faf05"},{"ts":1783032415,"slot":1,"type":"sell","state":"placed","itemId":23959,"price":3549000,"qty":2,"filled":0,"spent":0,"id":"f32e47f32614c392"},{"ts":1783032433,"slot":0,"type":"buy","state":"cancelled","itemId":23959,"price":3401000,"qty":8,"filled":0,"spent":0,"id":"ce33c63271846f9a"},{"ts":1783032442,"slot":0,"type":"buy","state":"placed","itemId":23959,"price":3421251,"qty":8,"filled":0,"spent":0,"id":"c1e6287a3fb0458a"},{"ts":1783032606,"slot":4,"type":"buy","state":"cancelled","itemId":23959,"price":3421000,"qty":2,"filled":1,"spent":3421000,"id":"f33c63ae9c998e40"},{"ts":1783032621,"slot":1,"type":"sell","state":"cancelled","itemId":23959,"price":3549000,"qty":2,"filled":0,"spent":0,"id":"852054186bcbc0ce"},{"ts":1783032627,"slot":1,"type":"sell","state":"placed","itemId":23959,"price":3547000,"qty":2,"filled":0,"spent":0,"id":"48bea10901e20acb"},{"ts":1783032629,"slot":0,"type":"buy","state":"partial","itemId":23959,"price":3421251,"qty":8,"filled":2,"spent":6842502,"id":"93a08152035b2310"},{"ts":1783032635,"slot":1,"type":"sell","state":"cancelled","itemId":23959,"price":3547000,"qty":2,"filled":0,"spent":0,"id":"6d27b305234d829f"},{"ts":1783032638,"slot":1,"type":"sell","state":"placed","itemId":23959,"price":3546999,"qty":4,"filled":0,"spent":0,"id":"5faf2717c6befb6e"},{"ts":1783032762,"slot":1,"type":"sell","state":"partial","itemId":23959,"price":3546999,"qty":4,"filled":4,"spent":14187996,"id":"0fefa1ed28431720"},{"ts":1783032763,"slot":1,"type":"sell","state":"complete","itemId":23959,"price":3546999,"qty":4,"filled":4,"spent":14187996,"id":"bd2a509ad02e89c8"},{"ts":1783032797,"slot":1,"type":"buy","state":"placed","itemId":23959,"price":3431000,"qty":2,"filled":0,"spent":0,"id":"5457189e33824abe"},{"ts":1783032954,"slot":5,"type":"buy","state":"placed","itemId":23959,"price":3430500,"qty":1,"filled":0,"spent":0,"id":"7e0832d542f9178b"},{"ts":1783032958,"slot":5,"type":"buy","state":"cancelled","itemId":23959,"price":3430500,"qty":1,"filled":0,"spent":0,"id":"75b6ab7084d1d694"},{"ts":1783032981,"slot":1,"type":"buy","state":"partial","itemId":23959,"price":3431000,"qty":2,"filled":1,"spent":3431000,"id":"ab3bc1c25eb146ee"},{"ts":1783032992,"slot":5,"type":"sell","state":"placed","itemId":23959,"price":3547000,"qty":1,"filled":0,"spent":0,"id":"f6c8feeb6f10ef4a"},{"ts":1783032996,"slot":5,"type":"sell","state":"cancelled","itemId":23959,"price":3547000,"qty":1,"filled":0,"spent":0,"id":"487419cb4aa90e55"},{"ts":1783033005,"slot":5,"type":"sell","state":"placed","itemId":23959,"price":3564000,"qty":1,"filled":0,"spent":0,"id":"10cb547aad0ed266"},{"ts":1783033022,"slot":1,"type":"buy","state":"partial","itemId":23959,"price":3431000,"qty":2,"filled":2,"spent":6862000,"id":"51809bf8fc6122cd"},{"ts":1783033022,"slot":1,"type":"buy","state":"complete","itemId":23959,"price":3431000,"qty":2,"filled":2,"spent":6862000,"id":"d7843ee2bf020b8f"},{"ts":1783033023,"slot":5,"type":"sell","state":"partial","itemId":23959,"price":3564000,"qty":1,"filled":1,"spent":3564000,"id":"cd6d677af87f1e0d"},{"ts":1783033024,"slot":5,"type":"sell","state":"complete","itemId":23959,"price":3564000,"qty":1,"filled":1,"spent":3564000,"id":"2175c24af3d8f940"},{"ts":1783033033,"slot":1,"type":"sell","state":"placed","itemId":23959,"price":3564000,"qty":1,"filled":0,"spent":0,"id":"da8f089ecb3cd2a9"},{"ts":1783033058,"slot":1,"type":"sell","state":"partial","itemId":23959,"price":3564000,"qty":1,"filled":1,"spent":3564000,"id":"32f76b2bfa394d32"},{"ts":1783033059,"slot":1,"type":"sell","state":"complete","itemId":23959,"price":3564000,"qty":1,"filled":1,"spent":3564000,"id":"5b8cbfbaf11e1c79"},{"ts":1783033062,"slot":4,"type":"buy","state":"placed","itemId":23959,"price":3431000,"qty":4,"filled":0,"spent":0,"id":"4848c6c34366ddfb"},{"ts":1783033132,"slot":4,"type":"buy","state":"cancelled","itemId":23959,"price":3431000,"qty":4,"filled":0,"spent":0,"id":"927715c70059b479"},{"ts":1783033137,"slot":4,"type":"buy","state":"placed","itemId":23959,"price":3431002,"qty":4,"filled":0,"spent":0,"id":"58b96deedd4cec92"},{"ts":1783033149,"slot":1,"type":"buy","state":"placed","itemId":23959,"price":3435000,"qty":1,"filled":0,"spent":0,"id":"b5142b007a3d3678"},{"ts":1783033191,"slot":0,"type":"buy","state":"cancelled","itemId":23959,"price":3421251,"qty":8,"filled":2,"spent":6842502,"id":"228cd199ae023b68"},{"ts":1783033208,"slot":5,"type":"buy","state":"placed","itemId":23959,"price":3451251,"qty":1,"filled":0,"spent":0,"id":"faf65f34c54c55b0"},{"ts":1783033250,"slot":5,"type":"buy","state":"partial","itemId":23959,"price":3451251,"qty":1,"filled":1,"spent":3451251,"id":"7e28df6bf9a777b0"},{"ts":1783033250,"slot":5,"type":"buy","state":"complete","itemId":23959,"price":3451251,"qty":1,"filled":1,"spent":3451251,"id":"16762a371d6c367a"},{"ts":1783033272,"slot":2,"type":"sell","state":"placed","itemId":23959,"price":3579000,"qty":1,"filled":0,"spent":0,"id":"df25d5cc0acdf195"},{"ts":1783033504,"slot":2,"type":"sell","state":"cancelled","itemId":23959,"price":3579000,"qty":1,"filled":0,"spent":0,"id":"3ec69e3805175d7c"},{"ts":1783033518,"slot":2,"type":"sell","state":"placed","itemId":23959,"price":3564000,"qty":1,"filled":0,"spent":0,"id":"bcc144ed1d7bd0ce"},{"ts":1783033528,"slot":4,"type":"buy","state":"cancelled","itemId":23959,"price":3431002,"qty":4,"filled":0,"spent":0,"id":"63636cf8a40fe04b"},{"ts":1783033543,"slot":4,"type":"buy","state":"placed","itemId":23959,"price":3441000,"qty":4,"filled":0,"spent":0,"id":"5155157d4f273f4b"},{"ts":1783033637,"slot":1,"type":"buy","state":"cancelled","itemId":23959,"price":3435000,"qty":1,"filled":0,"spent":0,"id":"495ba2dc6a0b6725"},{"ts":1783033649,"slot":1,"type":"buy","state":"placed","itemId":23959,"price":3431500,"qty":6,"filled":0,"spent":0,"id":"277a8b33b29ab6c4"},{"ts":1783033693,"slot":2,"type":"sell","state":"cancelled","itemId":23959,"price":3564000,"qty":1,"filled":0,"spent":0,"id":"8f86559c9e30fa10"},{"ts":1783033702,"slot":2,"type":"sell","state":"placed","itemId":23959,"price":3579000,"qty":1,"filled":0,"spent":0,"id":"f0fe0b3a4b2bb504"},{"ts":1783033978,"slot":2,"type":"sell","state":"partial","itemId":23959,"price":3579000,"qty":1,"filled":1,"spent":3579000,"id":"469031d133629d67"},{"ts":1783033979,"slot":2,"type":"sell","state":"complete","itemId":23959,"price":3579000,"qty":1,"filled":1,"spent":3579000,"id":"5fa70e31bd1b04fd"},{"ts":1783034188,"slot":2,"type":"sell","state":"placed","itemId":3000,"price":7939,"qty":80,"filled":0,"spent":0,"id":"f18a9833d794442d"},{"ts":1783034188,"slot":2,"type":"sell","state":"partial","itemId":3000,"price":7939,"qty":80,"filled":80,"spent":636640,"id":"bdf6b3da57a1f4fd"},{"ts":1783034189,"slot":2,"type":"sell","state":"complete","itemId":3000,"price":7939,"qty":80,"filled":80,"spent":636640,"id":"9dfaafe8417d0f44"},{"ts":1783034324,"slot":1,"type":"buy","state":"cancelled","itemId":23959,"price":3431500,"qty":6,"filled":0,"spent":0,"id":"83dfe60a52103150"},{"ts":1783034647,"slot":4,"type":"buy","state":"cancelled","itemId":23959,"price":3441000,"qty":4,"filled":0,"spent":0,"id":"6cb0a2c7de4b3197"},{"ts":1783034655,"slot":4,"type":"buy","state":"placed","itemId":23959,"price":3451000,"qty":4,"filled":0,"spent":0,"id":"7d85dae32f0c402f"},{"ts":1783034756,"slot":4,"type":"buy","state":"cancelled","itemId":23959,"price":3451000,"qty":4,"filled":0,"spent":0,"id":"49c22b517485f429"},{"ts":1783034760,"slot":4,"type":"buy","state":"placed","itemId":23959,"price":3451000,"qty":2,"filled":0,"spent":0,"id":"8555d7cb69e16f08"},{"ts":1783034943,"slot":3,"type":"sell","state":"partial","itemId":11284,"price":3874490,"qty":2,"filled":1,"spent":3874490,"id":"235a09168b33030d"},{"ts":1783035012,"slot":3,"type":"sell","state":"partial","itemId":11284,"price":3874490,"qty":2,"filled":2,"spent":7748980,"id":"1b147ef11c30cb8a"},{"ts":1783035013,"slot":3,"type":"sell","state":"complete","itemId":11284,"price":3874490,"qty":2,"filled":2,"spent":7748980,"id":"ea1e35d7bf2e8450"},{"ts":1783035087,"slot":4,"type":"buy","state":"cancelled","itemId":23959,"price":3451000,"qty":2,"filled":0,"spent":0,"id":"ba61238f07fd94e6"},{"ts":1783035609,"slot":3,"type":"sell","state":"placed","itemId":29684,"price":12251,"qty":13,"filled":0,"spent":0,"id":"5a9ecac9bf738256"},{"ts":1783036085,"slot":3,"type":"sell","state":"partial","itemId":29684,"price":12251,"qty":13,"filled":13,"spent":159263,"id":"0e8e8d50dc9f60ab"},{"ts":1783036086,"slot":3,"type":"sell","state":"complete","itemId":29684,"price":12251,"qty":13,"filled":13,"spent":159263,"id":"31b643df89dc7f0d"},{"ts":1783040169,"slot":3,"type":"sell","state":"complete","itemId":29684,"price":12251,"qty":13,"filled":13,"spent":159263,"id":"7490a596495e25f7"},{"ts":1783040788,"slot":3,"type":"sell","state":"complete","itemId":29684,"price":12251,"qty":13,"filled":13,"spent":159263,"id":"265040a7856e1b99"},{"ts":1783040826,"slot":3,"type":"buy","state":"placed","itemId":22983,"price":13151000,"qty":3,"filled":0,"spent":0,"id":"11bba662f798ffe7"},{"ts":1783041509,"slot":3,"type":"buy","state":"partial","itemId":22983,"price":13151000,"qty":3,"filled":1,"spent":13151000,"id":"4e37ae0094bab7bf"},{"ts":1783043904,"slot":7,"type":"sell","state":"placed","itemId":22983,"price":13577000,"qty":1,"filled":0,"spent":0,"id":"56a4aa47e090c643"},{"ts":1783043906,"slot":3,"type":"buy","state":"cancelled","itemId":22983,"price":13151000,"qty":3,"filled":1,"spent":13151000,"id":"604c00f0f045fa96"},{"ts":1783043915,"slot":3,"type":"buy","state":"placed","itemId":22983,"price":13156000,"qty":2,"filled":0,"spent":0,"id":"a6be9274b2124c8c"},{"ts":1783044707,"slot":3,"type":"buy","state":"cancelled","itemId":22983,"price":13156000,"qty":2,"filled":0,"spent":0,"id":"8358a97897d25804"},{"ts":1783044775,"slot":3,"type":"sell","state":"placed","itemId":11785,"price":41785000,"qty":1,"filled":0,"spent":0,"id":"9ce0d9a83d0de8dc"},{"ts":1783044948,"slot":7,"type":"sell","state":"cancelled","itemId":22983,"price":13577000,"qty":1,"filled":0,"spent":0,"id":"28a39190b8d48418"},{"ts":1783044955,"slot":7,"type":"sell","state":"placed","itemId":22983,"price":13569000,"qty":1,"filled":0,"spent":0,"id":"3b1ac037da26d45e"},{"ts":1783045065,"slot":7,"type":"sell","state":"partial","itemId":22983,"price":13569000,"qty":1,"filled":1,"spent":13569000,"id":"9f5a479ddf79d42e"},{"ts":1783045066,"slot":7,"type":"sell","state":"complete","itemId":22983,"price":13569000,"qty":1,"filled":1,"spent":13569000,"id":"069ce4d763684978"},{"ts":1783045187,"slot":3,"type":"sell","state":"cancelled","itemId":11785,"price":41785000,"qty":1,"filled":0,"spent":0,"id":"70437757c716c6a0"},{"ts":1783045195,"slot":3,"type":"sell","state":"placed","itemId":11785,"price":41774000,"qty":1,"filled":0,"spent":0,"id":"07657da8b21999af"},{"ts":1783045219,"slot":7,"type":"buy","state":"placed","itemId":11785,"price":40007000,"qty":1,"filled":0,"spent":0,"id":"0368a6f5797fc387"},{"ts":1783045233,"slot":7,"type":"buy","state":"cancelled","itemId":11785,"price":40007000,"qty":1,"filled":0,"spent":0,"id":"cd144d7df4f4a8a3"},{"ts":1783045974,"slot":3,"type":"sell","state":"cancelled","itemId":11785,"price":41774000,"qty":1,"filled":0,"spent":0,"id":"0cee4a65103ae1f9"},{"ts":1783046231,"slot":3,"type":"buy","state":"placed","itemId":23959,"price":3425000,"qty":4,"filled":0,"spent":0,"id":"b9d49cf89f937ae3"},{"ts":1783046260,"slot":2,"type":"buy","state":"placed","itemId":13263,"price":18301001,"qty":1,"filled":0,"spent":0,"id":"e526461d215a2a2b"},{"ts":1783046277,"slot":3,"type":"buy","state":"cancelled","itemId":23959,"price":3425000,"qty":4,"filled":0,"spent":0,"id":"5e865c93f1e11843"},{"ts":1783046281,"slot":3,"type":"buy","state":"placed","itemId":23959,"price":3425000,"qty":2,"filled":0,"spent":0,"id":"954f4f9e005589b5"},{"ts":1783046283,"slot":2,"type":"buy","state":"cancelled","itemId":13263,"price":18301001,"qty":1,"filled":0,"spent":0,"id":"6215456cf024cdfd"},{"ts":1783046285,"slot":2,"type":"buy","state":"placed","itemId":13263,"price":18301001,"qty":2,"filled":0,"spent":0,"id":"6a7643430ff5b624"},{"ts":1783046288,"slot":3,"type":"buy","state":"cancelled","itemId":23959,"price":3425000,"qty":2,"filled":0,"spent":0,"id":"c2d41c69e9f66348"},{"ts":1783046292,"slot":3,"type":"buy","state":"placed","itemId":23959,"price":3425000,"qty":3,"filled":0,"spent":0,"id":"5e13184e924b2052"},{"ts":1783046331,"slot":1,"type":"sell","state":"placed","itemId":13263,"price":19049000,"qty":1,"filled":0,"spent":0,"id":"c42f25e07496e120"},{"ts":1783050730,"slot":1,"type":"sell","state":"partial","itemId":13263,"price":19049000,"qty":1,"filled":1,"spent":19049000,"id":"dcd0956151c61679"},{"ts":1783050730,"slot":2,"type":"buy","state":"partial","itemId":13263,"price":18301001,"qty":2,"filled":2,"spent":36602002,"id":"7ccdc1eebf19a67b"},{"ts":1783050730,"slot":1,"type":"sell","state":"complete","itemId":13263,"price":19049000,"qty":1,"filled":1,"spent":19049000,"id":"cee48dcb22f95feb"},{"ts":1783050730,"slot":2,"type":"buy","state":"complete","itemId":13263,"price":18301001,"qty":2,"filled":2,"spent":36602002,"id":"110651edf601380c"},{"ts":1783050808,"slot":0,"type":"sell","state":"placed","itemId":13263,"price":19045000,"qty":2,"filled":0,"spent":0,"id":"ef4cc0a7d29a127b"},{"ts":1783050996,"slot":0,"type":"sell","state":"cancelled","itemId":13263,"price":19045000,"qty":2,"filled":0,"spent":0,"id":"ca7c8bc3dc43b9ef"},{"ts":1783051114,"slot":2,"type":"sell","state":"placed","itemId":13263,"price":18950000,"qty":2,"filled":0,"spent":0,"id":"7e10428a238ae4d5"},{"ts":1783051125,"slot":2,"type":"sell","state":"cancelled","itemId":13263,"price":18950000,"qty":2,"filled":0,"spent":0,"id":"bc2f69d6e214d326"},{"ts":1783051131,"slot":2,"type":"sell","state":"placed","itemId":13263,"price":18750000,"qty":2,"filled":0,"spent":0,"id":"4ed2db6c2f56a67d"},{"ts":1783051150,"slot":2,"type":"sell","state":"cancelled","itemId":13263,"price":18750000,"qty":2,"filled":0,"spent":0,"id":"cbc38a3b5c866fc2"},{"ts":1783051152,"slot":2,"type":"sell","state":"placed","itemId":13263,"price":18750000,"qty":1,"filled":0,"spent":0,"id":"9d0860c0371e9b71"},{"ts":1783051506,"slot":2,"type":"sell","state":"partial","itemId":13263,"price":18750000,"qty":1,"filled":1,"spent":18750000,"id":"4f49f5fe30a05fca"},{"ts":1783051507,"slot":2,"type":"sell","state":"complete","itemId":13263,"price":18750000,"qty":1,"filled":1,"spent":18750000,"id":"7bf89a7b292bd9b3"},{"ts":1783051553,"slot":3,"type":"buy","state":"partial","itemId":23959,"price":3425000,"qty":3,"filled":1,"spent":3425000,"id":"4df281498ac34a40"},{"ts":1783052162,"slot":2,"type":"sell","state":"complete","itemId":13263,"price":18750000,"qty":1,"filled":1,"spent":18750000,"id":"da564e7d1499cb85"},{"ts":1783052200,"slot":2,"type":"sell","state":"placed","itemId":23959,"price":3579999,"qty":1,"filled":0,"spent":0,"id":"481e7427a8733c26"},{"ts":1783052217,"slot":7,"type":"buy","state":"placed","itemId":13263,"price":18301001,"qty":2,"filled":0,"spent":0,"id":"295c2c24f86ca27c"},{"ts":1783052244,"slot":6,"type":"sell","state":"placed","itemId":13263,"price":18749000,"qty":1,"filled":0,"spent":0,"id":"abeff8eb9376c430"},{"ts":1783052264,"slot":7,"type":"buy","state":"partial","itemId":13263,"price":18301001,"qty":2,"filled":1,"spent":18301001,"id":"967ae644a384fc69"},{"ts":1783052270,"slot":7,"type":"buy","state":"partial","itemId":13263,"price":18301001,"qty":2,"filled":2,"spent":36602002,"id":"9c564c651e68327d"},{"ts":1783052271,"slot":7,"type":"buy","state":"complete","itemId":13263,"price":18301001,"qty":2,"filled":2,"spent":36602002,"id":"5ceb33d4fef3bf36"},{"ts":1783052308,"slot":0,"type":"sell","state":"placed","itemId":13263,"price":18749000,"qty":2,"filled":0,"spent":0,"id":"d86ba2dab76fa1ef"},{"ts":1783052371,"slot":3,"type":"buy","state":"partial","itemId":23959,"price":3425000,"qty":3,"filled":3,"spent":10275000,"id":"e041e9b58f657879"},{"ts":1783052372,"slot":3,"type":"buy","state":"complete","itemId":23959,"price":3425000,"qty":3,"filled":3,"spent":10275000,"id":"2ae58a16d3bf7537"},{"ts":1783053311,"slot":0,"type":"sell","state":"cancelled","itemId":13263,"price":18749000,"qty":2,"filled":0,"spent":0,"id":"2f315f89dc9a4610"},{"ts":1783053317,"slot":0,"type":"sell","state":"placed","itemId":13263,"price":18649000,"qty":2,"filled":0,"spent":0,"id":"ed66115b9f4f8e4c"},{"ts":1783053437,"slot":6,"type":"sell","state":"cancelled","itemId":13263,"price":18749000,"qty":1,"filled":0,"spent":0,"id":"cd60beef734aaa03"},{"ts":1783053446,"slot":2,"type":"sell","state":"cancelled","itemId":23959,"price":3579999,"qty":1,"filled":0,"spent":0,"id":"c544cd4596df489b"},{"ts":1783053457,"slot":2,"type":"sell","state":"placed","itemId":23959,"price":3525000,"qty":3,"filled":0,"spent":0,"id":"707b1565cc1544ad"},{"ts":1783053465,"slot":2,"type":"sell","state":"cancelled","itemId":23959,"price":3525000,"qty":3,"filled":0,"spent":0,"id":"e67f1373e03bad66"},{"ts":1783053475,"slot":2,"type":"sell","state":"placed","itemId":23959,"price":3549000,"qty":3,"filled":0,"spent":0,"id":"63d09978dfeb7a3e"},{"ts":1783053549,"slot":0,"type":"sell","state":"partial","itemId":13263,"price":18649000,"qty":2,"filled":1,"spent":18649000,"id":"ed4dfac7aa0b8303"},{"ts":1783053621,"slot":0,"type":"sell","state":"partial","itemId":13263,"price":18649000,"qty":2,"filled":2,"spent":37298000,"id":"fdeb14cb94bfda53"},{"ts":1783053622,"slot":0,"type":"sell","state":"complete","itemId":13263,"price":18649000,"qty":2,"filled":2,"spent":37298000,"id":"a800f42e0ffa4b2a"},{"ts":1783053824,"slot":2,"type":"sell","state":"partial","itemId":23959,"price":3549000,"qty":3,"filled":1,"spent":3549000,"id":"5f44937621c6db85"},{"ts":1783061063,"slot":3,"type":"buy","state":"placed","itemId":13263,"price":18005000,"qty":2,"filled":0,"spent":0,"id":"cfd1b999222399d4"},{"ts":1783061152,"slot":1,"type":"sell","state":"placed","itemId":13263,"price":18990000,"qty":1,"filled":0,"spent":0,"id":"00bd055ecdd56010"},{"ts":1783068641,"slot":3,"type":"buy","state":"partial","itemId":13263,"price":18005000,"qty":2,"filled":2,"spent":36010000,"id":"dc8d50c06923d08a"},{"ts":1783068642,"slot":3,"type":"buy","state":"complete","itemId":13263,"price":18005000,"qty":2,"filled":2,"spent":36010000,"id":"618a0240285ae3c1"},{"ts":1783068675,"slot":3,"type":"sell","state":"placed","itemId":13263,"price":18749999,"qty":2,"filled":0,"spent":0,"id":"8662be427563dc64"},{"ts":1783070299,"slot":2,"type":"sell","state":"cancelled","itemId":23959,"price":3549000,"qty":3,"filled":1,"spent":3549000,"id":"4f8ce48812fab4bb"},{"ts":1783070306,"slot":2,"type":"sell","state":"placed","itemId":23959,"price":3510000,"qty":2,"filled":0,"spent":0,"id":"f64fec9bf3ca74cb"},{"ts":1783070306,"slot":2,"type":"sell","state":"cancelled","itemId":23959,"price":3510000,"qty":2,"filled":0,"spent":0,"id":"ea06754bd12941d5"},{"ts":1783070309,"slot":1,"type":"sell","state":"cancelled","itemId":13263,"price":18990000,"qty":1,"filled":0,"spent":0,"id":"12d46aaccd09e21e"},{"ts":1783070320,"slot":1,"type":"sell","state":"placed","itemId":13263,"price":18599999,"qty":1,"filled":0,"spent":0,"id":"55f7436d59ba260a"},{"ts":1783070320,"slot":1,"type":"sell","state":"cancelled","itemId":13263,"price":18599999,"qty":1,"filled":0,"spent":0,"id":"edc8d0f917ffd5aa"},{"ts":1783102028,"slot":7,"type":"sell","state":"placed","itemId":13263,"price":18679000,"qty":2,"filled":0,"spent":0,"id":"5b3292bceb2f18d6"},{"ts":1783102030,"slot":3,"type":"sell","state":"cancelled","itemId":13263,"price":18519000,"qty":1,"filled":0,"spent":0,"id":"597e41d79972aa83"},{"ts":1783102037,"slot":3,"type":"sell","state":"placed","itemId":13263,"price":18724000,"qty":1,"filled":0,"spent":0,"id":"e7f9187f0aea915a"},{"ts":1783102516,"slot":3,"type":"sell","state":"cancelled","itemId":13263,"price":18724000,"qty":1,"filled":0,"spent":0,"id":"8e66356809948bf9"},{"ts":1783102579,"slot":3,"type":"buy","state":"placed","itemId":12924,"price":10361000,"qty":1,"filled":0,"spent":0,"id":"9b58d65a2faf859e"},{"ts":1783103895,"slot":6,"type":"sell","state":"placed","itemId":13263,"price":18449000,"qty":1,"filled":0,"spent":0,"id":"9a0d5ad30b77bbbd"},{"ts":1783104317,"slot":2,"type":"buy","state":"placed","itemId":133,"price":390,"qty":1,"filled":0,"spent":0,"id":"b984b91aa1ce4c7e"},{"ts":1783104321,"slot":2,"type":"buy","state":"cancelled","itemId":133,"price":390,"qty":1,"filled":0,"spent":0,"id":"88d262f2f87ba8b7"},{"ts":1783104344,"slot":2,"type":"buy","state":"placed","itemId":2432,"price":750,"qty":1,"filled":0,"spent":0,"id":"61a94b24dc739267"},{"ts":1783104345,"slot":2,"type":"buy","state":"partial","itemId":2432,"price":750,"qty":1,"filled":1,"spent":586,"id":"137e5a10b51748b2"},{"ts":1783104345,"slot":2,"type":"buy","state":"complete","itemId":2432,"price":750,"qty":1,"filled":1,"spent":586,"id":"6fdf12a33ec012fa"},{"ts":1783104354,"slot":2,"type":"buy","state":"placed","itemId":1775,"price":99,"qty":1,"filled":0,"spent":0,"id":"1cb5fa315a6ffe6c"},{"ts":1783104355,"slot":2,"type":"buy","state":"partial","itemId":1775,"price":99,"qty":1,"filled":1,"spent":91,"id":"79f10efde36ce760"},{"ts":1783104355,"slot":2,"type":"buy","state":"complete","itemId":1775,"price":99,"qty":1,"filled":1,"spent":91,"id":"0bb752a1931104cd"},{"ts":1783104888,"slot":6,"type":"sell","state":"partial","itemId":13263,"price":18449000,"qty":1,"filled":1,"spent":18449000,"id":"8ff32205dc70273f"},{"ts":1783104888,"slot":6,"type":"sell","state":"complete","itemId":13263,"price":18449000,"qty":1,"filled":1,"spent":18449000,"id":"54c0ac712f9fb632"},{"ts":1783104979,"slot":6,"type":"buy","state":"placed","itemId":13263,"price":17824000,"qty":1,"filled":0,"spent":0,"id":"4ffe47be735db56b"},{"ts":1783105298,"slot":6,"type":"buy","state":"partial","itemId":13263,"price":17824000,"qty":1,"filled":1,"spent":17824000,"id":"a7e01f0c0c7ec415"},{"ts":1783105299,"slot":6,"type":"buy","state":"complete","itemId":13263,"price":17824000,"qty":1,"filled":1,"spent":17824000,"id":"0d05a31ff4810358"},{"ts":1783105346,"slot":7,"type":"sell","state":"cancelled","itemId":13263,"price":18679000,"qty":2,"filled":0,"spent":0,"id":"157cd3fb50d9a82c"},{"ts":1783105355,"slot":7,"type":"sell","state":"placed","itemId":13263,"price":18448000,"qty":3,"filled":0,"spent":0,"id":"f50c164c0fd5bd10"},{"ts":1783105723,"slot":7,"type":"sell","state":"cancelled","itemId":13263,"price":18448000,"qty":3,"filled":0,"spent":0,"id":"8ae67e01a09002d3"},{"ts":1783105734,"slot":7,"type":"sell","state":"placed","itemId":13263,"price":18415000,"qty":3,"filled":0,"spent":0,"id":"5bd1ef2021f902fd"},{"ts":1783105901,"slot":7,"type":"sell","state":"cancelled","itemId":13263,"price":18415000,"qty":3,"filled":0,"spent":0,"id":"4b494c2b789c6b1b"},{"ts":1783105903,"slot":7,"type":"sell","state":"placed","itemId":13263,"price":18415000,"qty":2,"filled":0,"spent":0,"id":"3320a67a3279fd72"},{"ts":1783105920,"slot":6,"type":"sell","state":"placed","itemId":13263,"price":18331000,"qty":1,"filled":0,"spent":0,"id":"694178638a26254d"},{"ts":1783106705,"slot":6,"type":"sell","state":"partial","itemId":13263,"price":18331000,"qty":1,"filled":1,"spent":18331000,"id":"426e6620b49f8e1c"},{"ts":1783106706,"slot":6,"type":"sell","state":"complete","itemId":13263,"price":18331000,"qty":1,"filled":1,"spent":18331000,"id":"ebf335dc3d685a46"},{"ts":1783106810,"slot":6,"type":"buy","state":"placed","itemId":13263,"price":17702000,"qty":1,"filled":0,"spent":0,"id":"454ef412a3ba041c"},{"ts":1783106867,"slot":7,"type":"sell","state":"cancelled","itemId":13263,"price":18415000,"qty":2,"filled":0,"spent":0,"id":"dfc09f8ba939677c"},{"ts":1783106870,"slot":7,"type":"sell","state":"placed","itemId":13263,"price":18414999,"qty":1,"filled":0,"spent":0,"id":"e4510596c5b45074"},{"ts":1783106884,"slot":2,"type":"sell","state":"placed","itemId":13263,"price":18399000,"qty":1,"filled":0,"spent":0,"id":"7d98730e6679336b"},{"ts":1783106890,"slot":2,"type":"sell","state":"cancelled","itemId":13263,"price":18399000,"qty":1,"filled":0,"spent":0,"id":"ec0f084c650d8ec3"},{"ts":1783106903,"slot":2,"type":"sell","state":"placed","itemId":13263,"price":18414999,"qty":1,"filled":0,"spent":0,"id":"e54a6c944f63f76a"},{"ts":1783107429,"slot":6,"type":"buy","state":"partial","itemId":13263,"price":17702000,"qty":1,"filled":1,"spent":17702000,"id":"b55199f03ac15c6b"},{"ts":1783107429,"slot":6,"type":"buy","state":"complete","itemId":13263,"price":17702000,"qty":1,"filled":1,"spent":17702000,"id":"80bd79776a7540ad"},{"ts":1783107444,"slot":6,"type":"sell","state":"placed","itemId":13263,"price":18331000,"qty":1,"filled":0,"spent":0,"id":"5b0612d9ee705443"},{"ts":1783107447,"slot":2,"type":"sell","state":"cancelled","itemId":13263,"price":18414999,"qty":1,"filled":0,"spent":0,"id":"7ac31328a40d4171"},{"ts":1783107451,"slot":2,"type":"sell","state":"placed","itemId":13263,"price":18331000,"qty":1,"filled":0,"spent":0,"id":"0f5b728ed667adc6"},{"ts":1783107956,"slot":6,"type":"sell","state":"cancelled","itemId":13263,"price":18331000,"qty":1,"filled":0,"spent":0,"id":"e2e7c3a35dd33580"},{"ts":1783107971,"slot":6,"type":"sell","state":"placed","itemId":13263,"price":18224000,"qty":1,"filled":0,"spent":0,"id":"59f8525e755b717a"},{"ts":1783108013,"slot":7,"type":"sell","state":"cancelled","itemId":13263,"price":18414999,"qty":1,"filled":0,"spent":0,"id":"73fe785c1c2bc64d"},{"ts":1783108024,"slot":7,"type":"sell","state":"placed","itemId":13263,"price":18135000,"qty":1,"filled":0,"spent":0,"id":"f9e799df571e5e41"},{"ts":1783108065,"slot":2,"type":"sell","state":"cancelled","itemId":13263,"price":18331000,"qty":1,"filled":0,"spent":0,"id":"bf573b1390c97958"},{"ts":1783108367,"slot":6,"type":"sell","state":"cancelled","itemId":13263,"price":18224000,"qty":1,"filled":0,"spent":0,"id":"fb41a814a21714cb"},{"ts":1783108463,"slot":6,"type":"sell","state":"placed","itemId":13263,"price":18123000,"qty":1,"filled":0,"spent":0,"id":"5265fc4a9aa75d66"},{"ts":1783108481,"slot":7,"type":"sell","state":"cancelled","itemId":13263,"price":18135000,"qty":1,"filled":0,"spent":0,"id":"56c13e42b1f1e33f"},{"ts":1783108520,"slot":6,"type":"sell","state":"cancelled","itemId":13263,"price":18123000,"qty":1,"filled":0,"spent":0,"id":"3748232fce3395f1"},{"ts":1783108541,"slot":6,"type":"sell","state":"placed","itemId":13263,"price":17987000,"qty":2,"filled":0,"spent":0,"id":"9a6d49e68ea26517"},{"ts":1783108714,"slot":6,"type":"sell","state":"cancelled","itemId":13263,"price":17987000,"qty":2,"filled":0,"spent":0,"id":"1d8f3c0889fe54ca"},{"ts":1783108726,"slot":6,"type":"sell","state":"placed","itemId":13263,"price":17951000,"qty":2,"filled":0,"spent":0,"id":"6633d84bcac2e03e"},{"ts":1783108741,"slot":6,"type":"sell","state":"partial","itemId":13263,"price":17951000,"qty":2,"filled":1,"spent":17951000,"id":"31a8bb5f1302f446"},{"ts":1783108778,"slot":6,"type":"sell","state":"partial","itemId":13263,"price":17951000,"qty":2,"filled":2,"spent":35902000,"id":"060cfc78741fa209"},{"ts":1783108778,"slot":6,"type":"sell","state":"complete","itemId":13263,"price":17951000,"qty":2,"filled":2,"spent":35902000,"id":"0c1b883fccb8c2ba"},{"ts":1783108787,"slot":3,"type":"buy","state":"cancelled","itemId":12924,"price":10361000,"qty":1,"filled":0,"spent":0,"id":"833b975abdbdc76e"},{"ts":1783114375,"slot":3,"type":"buy","state":"placed","itemId":22477,"price":30540000,"qty":1,"filled":0,"spent":0,"id":"293e40b386a8ce6a"},{"ts":1783114375,"slot":3,"type":"buy","state":"cancelled","itemId":22477,"price":30540000,"qty":1,"filled":0,"spent":0,"id":"604b3b1a234c0a64"},{"ts":1783117800,"slot":8,"type":"sell","state":"complete","itemId":23959,"price":3395000,"qty":1,"filled":1,"spent":3395000,"id":"027562310b8af427"},{"ts":1783119600,"slot":8,"type":"sell","state":"complete","itemId":23959,"price":3445000,"qty":1,"filled":1,"spent":3445000,"id":"c6e16e1770734f89"},{"ts":1783121400,"slot":8,"type":"sell","state":"complete","itemId":23959,"price":3425000,"qty":1,"filled":1,"spent":3425000,"id":"bff499aaae944db0"},{"ts":1783126800,"slot":8,"type":"buy","state":"complete","itemId":22477,"price":30540000,"qty":1,"filled":1,"spent":30540000,"id":"1fdbba1bf465d701"},{"ts":1783130400,"slot":8,"type":"sell","state":"complete","itemId":23959,"price":3445000,"qty":2,"filled":2,"spent":6890000,"id":"ccbb02859d079abb"},{"ts":1783134000,"slot":8,"type":"sell","state":"complete","itemId":22477,"price":31950000,"qty":1,"filled":1,"spent":31950000,"id":"ea08189581f446db"},{"ts":1783135800,"slot":8,"type":"sell","state":"complete","itemId":23959,"price":3445000,"qty":3,"filled":3,"spent":10335000,"id":"4b7a73f5fcb78da3"},{"ts":1783141360,"slot":0,"type":"buy","state":"placed","itemId":22477,"price":30540000,"qty":1,"filled":0,"spent":0,"id":"4dfcc639529f0d17"},{"ts":1783141360,"slot":2,"type":"buy","state":"placed","itemId":23959,"price":3345000,"qty":5,"filled":0,"spent":0,"id":"926eaa838904cd7e"},{"ts":1783146616,"slot":0,"type":"buy","state":"placed","itemId":22477,"price":30540000,"qty":1,"filled":0,"spent":0,"id":"e79381f627f79e96"},{"ts":1783146616,"slot":2,"type":"buy","state":"placed","itemId":23959,"price":3345000,"qty":5,"filled":0,"spent":0,"id":"2a6490331ceb527c"},{"ts":1783146653,"slot":0,"type":"buy","state":"cancelled","itemId":22477,"price":30540000,"qty":1,"filled":0,"spent":0,"id":"81ffce9b0efb0f54"},{"ts":1783146665,"slot":0,"type":"buy","state":"placed","itemId":22477,"price":30755000,"qty":1,"filled":0,"spent":0,"id":"3ec5f322dd4fe883"},{"ts":1783147679,"slot":2,"type":"buy","state":"partial","itemId":23959,"price":3345000,"qty":5,"filled":5,"spent":16725000,"id":"dfe23ccf03dc0ff1"},{"ts":1783147680,"slot":2,"type":"buy","state":"complete","itemId":23959,"price":3345000,"qty":5,"filled":5,"spent":16725000,"id":"1571e7c5435563e8"},{"ts":1783147744,"slot":3,"type":"sell","state":"placed","itemId":23959,"price":3544000,"qty":5,"filled":0,"spent":0,"id":"a317155965920d9e"},{"ts":1783154532,"slot":3,"type":"sell","state":"cancelled","itemId":23959,"price":3544000,"qty":5,"filled":0,"spent":0,"id":"946507255348081b"},{"ts":1783154692,"slot":3,"type":"sell","state":"placed","itemId":23959,"price":3544000,"qty":5,"filled":0,"spent":0,"id":"89103514097fad7f"},{"ts":1783154698,"slot":0,"type":"buy","state":"cancelled","itemId":22477,"price":30755000,"qty":1,"filled":0,"spent":0,"id":"77e2b45b251f96bf"},{"ts":1783154723,"slot":0,"type":"buy","state":"placed","itemId":566,"price":371,"qty":50000,"filled":0,"spent":0,"id":"0edb35d684e68abe"},{"ts":1783154820,"slot":4,"type":"buy","state":"placed","itemId":560,"price":176,"qty":50000,"filled":0,"spent":0,"id":"a8380e7c6af2e6b1"},{"ts":1783154864,"slot":0,"type":"buy","state":"cancelled","itemId":566,"price":371,"qty":50000,"filled":0,"spent":0,"id":"105d57e59a8c8646"},{"ts":1783154869,"slot":0,"type":"buy","state":"placed","itemId":566,"price":371,"qty":25000,"filled":0,"spent":0,"id":"ba8b1d04a8465ee3"},{"ts":1783154871,"slot":4,"type":"buy","state":"cancelled","itemId":560,"price":176,"qty":50000,"filled":0,"spent":0,"id":"aeaf47ee74dfc19b"},{"ts":1783154879,"slot":4,"type":"buy","state":"placed","itemId":560,"price":176,"qty":25000,"filled":0,"spent":0,"id":"7d6322f580dc4d3c"},{"ts":1783182226,"slot":8,"type":"withdraw","state":"complete","itemId":5300,"price":0,"qty":50,"filled":50,"spent":0,"id":"ce4de662eaf78d7b"},{"ts":1783182227,"slot":8,"type":"withdraw","state":"complete","itemId":12000,"price":0,"qty":1,"filled":1,"spent":0,"id":"c206cb4c95ef80f4"},{"ts":1783182995,"slot":4,"type":"buy","state":"cancelled","itemId":560,"price":176,"qty":25000,"filled":0,"spent":0,"id":"7997f315b837a373"},{"ts":1783183023,"slot":3,"type":"sell","state":"cancelled","itemId":23959,"price":3544000,"qty":5,"filled":0,"spent":0,"id":"db4de68c319b2c54"},{"ts":1783183030,"slot":3,"type":"sell","state":"placed","itemId":23959,"price":3469999,"qty":5,"filled":0,"spent":0,"id":"66a7a11d094b48f9"},{"ts":1783183073,"slot":0,"type":"buy","state":"cancelled","itemId":566,"price":371,"qty":25000,"filled":0,"spent":0,"id":"b12c54a77de6cf77"},{"ts":1783183080,"slot":0,"type":"buy","state":"placed","itemId":566,"price":378,"qty":25000,"filled":0,"spent":0,"id":"34855e6fb9e5ea4e"},{"ts":1783183159,"slot":8,"type":"withdraw","state":"complete","itemId":12695,"price":0,"qty":10,"filled":10,"spent":0,"id":"f65538989c32bde4"},{"ts":1783183159,"slot":8,"type":"withdraw","state":"complete","itemId":2432,"price":0,"qty":1,"filled":1,"spent":0,"id":"dbde98c26e627d99"},{"ts":1783183159,"slot":8,"type":"withdraw","state":"complete","itemId":1775,"price":0,"qty":1,"filled":1,"spent":0,"id":"f661a2cdbac12241"},{"ts":1783183374,"slot":2,"type":"buy","state":"placed","itemId":12924,"price":10635001,"qty":2,"filled":0,"spent":0,"id":"1edc9a8c542aa9bc"},{"ts":1783183706,"slot":0,"type":"buy","state":"partial","itemId":566,"price":378,"qty":25000,"filled":824,"spent":311472,"id":"6620fd7762d0b480"},{"ts":1783183711,"slot":0,"type":"buy","state":"partial","itemId":566,"price":378,"qty":25000,"filled":7074,"spent":2673972,"id":"ca20ded64f5976d0"},{"ts":1783183719,"slot":0,"type":"buy","state":"partial","itemId":566,"price":378,"qty":25000,"filled":7449,"spent":2815722,"id":"3d04a6f423de0bec"},{"ts":1783183729,"slot":0,"type":"buy","state":"partial","itemId":566,"price":378,"qty":25000,"filled":8424,"spent":3184272,"id":"2ef91c00864fd530"},{"ts":1783183731,"slot":0,"type":"buy","state":"partial","itemId":566,"price":378,"qty":25000,"filled":16268,"spent":6149304,"id":"45e7c055d18bb0d7"},{"ts":1783183732,"slot":0,"type":"buy","state":"partial","itemId":566,"price":378,"qty":25000,"filled":25000,"spent":9450000,"id":"a9bd332f0ab717c2"},{"ts":1783183733,"slot":0,"type":"buy","state":"complete","itemId":566,"price":378,"qty":25000,"filled":25000,"spent":9450000,"id":"32c4a994d51724d4"},{"ts":1783183875,"slot":1,"type":"sell","state":"placed","itemId":566,"price":395,"qty":25000,"filled":0,"spent":0,"id":"9107e9fa12c76e22"},{"ts":1783183968,"slot":2,"type":"buy","state":"partial","itemId":12924,"price":10635001,"qty":2,"filled":1,"spent":10635001,"id":"555060599e22858b"},{"ts":1783184073,"slot":6,"type":"sell","state":"placed","itemId":12924,"price":10901000,"qty":1,"filled":0,"spent":0,"id":"97915a7b821ca721"},{"ts":1783184087,"slot":6,"type":"sell","state":"cancelled","itemId":12924,"price":10901000,"qty":1,"filled":0,"spent":0,"id":"bb06b1c52728424b"},{"ts":1783184096,"slot":6,"type":"sell","state":"placed","itemId":12924,"price":11199000,"qty":1,"filled":0,"spent":0,"id":"0d9b8c04065fab2b"},{"ts":1783184332,"slot":2,"type":"buy","state":"partial","itemId":12924,"price":10635001,"qty":2,"filled":2,"spent":21270002,"id":"cc585f19fc659aa2"},{"ts":1783184333,"slot":2,"type":"buy","state":"complete","itemId":12924,"price":10635001,"qty":2,"filled":2,"spent":21270002,"id":"27e88dc32e553aaf"},{"ts":1783184342,"slot":5,"type":"sell","state":"placed","itemId":12924,"price":11099000,"qty":1,"filled":0,"spent":0,"id":"482beb05192a8190"},{"ts":1783184969,"slot":6,"type":"sell","state":"cancelled","itemId":12924,"price":11199000,"qty":1,"filled":0,"spent":0,"id":"3cc96b66a99665fe"},{"ts":1783184977,"slot":6,"type":"sell","state":"placed","itemId":12924,"price":11189000,"qty":1,"filled":0,"spent":0,"id":"c24c04c1f7e8dcb0"},{"ts":1783186389,"slot":1,"type":"sell","state":"partial","itemId":566,"price":395,"qty":25000,"filled":25000,"spent":9875000,"id":"699d99de744f6554"},{"ts":1783186390,"slot":1,"type":"sell","state":"complete","itemId":566,"price":395,"qty":25000,"filled":25000,"spent":9875000,"id":"a8937e68811b4515"},{"ts":1783186744,"slot":7,"type":"buy","state":"placed","itemId":11959,"price":2780,"qty":4400,"filled":0,"spent":0,"id":"20a08b7e6cbed073"},{"ts":1783186972,"slot":3,"type":"sell","state":"cancelled","itemId":23959,"price":3469999,"qty":5,"filled":0,"spent":0,"id":"acfd8fe7e8e1140c"},{"ts":1783186985,"slot":3,"type":"sell","state":"placed","itemId":23959,"price":3399999,"qty":5,"filled":0,"spent":0,"id":"2c4780a19f0723c4"},{"ts":1783187010,"slot":3,"type":"sell","state":"partial","itemId":23959,"price":3399999,"qty":5,"filled":1,"spent":3399999,"id":"c244ad11c23d3c83"},{"ts":1783187025,"slot":5,"type":"sell","state":"cancelled","itemId":12924,"price":11099000,"qty":1,"filled":0,"spent":0,"id":"87c8a7fb422b256e"},{"ts":1783187040,"slot":5,"type":"sell","state":"placed","itemId":12924,"price":11020000,"qty":1,"filled":0,"spent":0,"id":"f9c411e70e43c84a"},{"ts":1783187048,"slot":6,"type":"sell","state":"cancelled","itemId":12924,"price":11189000,"qty":1,"filled":0,"spent":0,"id":"16a5da4c80102d65"},{"ts":1783187061,"slot":6,"type":"sell","state":"placed","itemId":12924,"price":10999500,"qty":1,"filled":0,"spent":0,"id":"a0ec277b55dedbb8"},{"ts":1783187066,"slot":5,"type":"sell","state":"cancelled","itemId":12924,"price":11020000,"qty":1,"filled":0,"spent":0,"id":"903d6fe5e3913411"},{"ts":1783187075,"slot":5,"type":"sell","state":"placed","itemId":12924,"price":10999500,"qty":1,"filled":0,"spent":0,"id":"ebfef76ca1987c2e"},{"ts":1783187333,"slot":3,"type":"sell","state":"partial","itemId":23959,"price":3399999,"qty":5,"filled":2,"spent":6799998,"id":"e38020b8ef162fdf"},{"ts":1783187370,"slot":3,"type":"sell","state":"partial","itemId":23959,"price":3399999,"qty":5,"filled":5,"spent":16999995,"id":"b518847ecd9aeb05"},{"ts":1783187370,"slot":3,"type":"sell","state":"complete","itemId":23959,"price":3399999,"qty":5,"filled":5,"spent":16999995,"id":"a4d8c8161a5d6702"},{"ts":1783187772,"slot":3,"type":"sell","state":"complete","itemId":23959,"price":3399999,"qty":5,"filled":5,"spent":16999995,"id":"ad19361870fdce3c"},{"ts":1783187896,"slot":6,"type":"sell","state":"partial","itemId":12924,"price":10999500,"qty":1,"filled":1,"spent":10999500,"id":"6aba65746cfd5907"},{"ts":1783187897,"slot":6,"type":"sell","state":"complete","itemId":12924,"price":10999500,"qty":1,"filled":1,"spent":10999500,"id":"c156988eb727ed6d"},{"ts":1783187944,"slot":5,"type":"sell","state":"partial","itemId":12924,"price":10999500,"qty":1,"filled":1,"spent":10999500,"id":"6ba2266e1ba3f613"},{"ts":1783187945,"slot":5,"type":"sell","state":"complete","itemId":12924,"price":10999500,"qty":1,"filled":1,"spent":10999500,"id":"2ee524e237b2e0ca"},{"ts":1783188214,"slot":5,"type":"sell","state":"complete","itemId":12924,"price":10999500,"qty":1,"filled":1,"spent":10999500,"id":"dc6573d1d8c212d4"},{"ts":1783188214,"slot":6,"type":"sell","state":"complete","itemId":12924,"price":10999500,"qty":1,"filled":1,"spent":10999500,"id":"e1ab3ab98cb0e67e"},{"ts":1783188220,"slot":7,"type":"buy","state":"cancelled","itemId":11959,"price":2780,"qty":4400,"filled":0,"spent":0,"id":"a1160a4b40880f0c"},{"ts":1783188230,"slot":7,"type":"buy","state":"placed","itemId":11959,"price":2801,"qty":11000,"filled":0,"spent":0,"id":"be90546504520b55"},{"ts":1783188364,"slot":3,"type":"buy","state":"placed","itemId":13263,"price":17311000,"qty":1,"filled":0,"spent":0,"id":"eea917829a4c9d6b"},{"ts":1783189495,"slot":3,"type":"buy","state":"cancelled","itemId":13263,"price":17311000,"qty":1,"filled":0,"spent":0,"id":"c2f0fb768f7ac813"},{"ts":1783189504,"slot":3,"type":"buy","state":"placed","itemId":13263,"price":17351000,"qty":1,"filled":0,"spent":0,"id":"60946c6e40240bc0"},{"ts":1783192859,"slot":3,"type":"buy","state":"placed","itemId":13263,"price":17351000,"qty":1,"filled":0,"spent":0,"id":"f20b720d11c2d6ce"},{"ts":1783192859,"slot":7,"type":"buy","state":"placed","itemId":11959,"price":2801,"qty":11000,"filled":0,"spent":0,"id":"3dae2882787da2bd"},{"ts":1783192859,"slot":7,"type":"buy","state":"cancelled","itemId":11959,"price":2801,"qty":11000,"filled":0,"spent":0,"id":"833be76cdaa2119f"},{"ts":1783195173,"slot":3,"type":"buy","state":"cancelled","itemId":13263,"price":17351000,"qty":1,"filled":0,"spent":0,"id":"a68a7821ee74accf"},{"ts":1783195236,"slot":3,"type":"buy","state":"placed","itemId":566,"price":378,"qty":25000,"filled":0,"spent":0,"id":"2c3f4626d059e783"},{"ts":1783200706,"slot":8,"type":"buy","state":"complete","itemId":566,"price":378,"qty":25000,"filled":25000,"spent":9450000,"id":"dbbf502501cb21c9"},{"ts":1783202609,"slot":3,"type":"sell","state":"cancelled","itemId":566,"price":396,"qty":25000,"filled":0,"spent":0,"id":"b5ddf810ef146c3e"},{"ts":1783202637,"slot":3,"type":"sell","state":"placed","itemId":566,"price":390,"qty":25000,"filled":0,"spent":0,"id":"a72582439581e6fc"},{"ts":1783202735,"slot":3,"type":"sell","state":"partial","itemId":566,"price":390,"qty":25000,"filled":6000,"spent":2340000,"id":"72d688787b933655"},{"ts":1783203584,"slot":3,"type":"sell","state":"partial","itemId":566,"price":390,"qty":25000,"filled":16000,"spent":6240000,"id":"c179be56b40965bd"},{"ts":1783203616,"slot":3,"type":"sell","state":"partial","itemId":566,"price":390,"qty":25000,"filled":25000,"spent":9750000,"id":"72402cbde6d9b333"},{"ts":1783203616,"slot":3,"type":"sell","state":"complete","itemId":566,"price":390,"qty":25000,"filled":25000,"spent":9750000,"id":"ab528bfd8dd9a9b1"},{"ts":1783203857,"slot":3,"type":"sell","state":"complete","itemId":566,"price":390,"qty":25000,"filled":25000,"spent":9750000,"id":"d4f8cd898b2a54d9"},{"ts":1783203968,"slot":3,"type":"buy","state":"placed","itemId":13263,"price":16701000,"qty":2,"filled":0,"spent":0,"id":"7a4733cdbd8d731c"},{"ts":1783204732,"slot":3,"type":"buy","state":"partial","itemId":13263,"price":16701000,"qty":2,"filled":1,"spent":16701000,"id":"0188cd0b41c26ccb"},{"ts":1783204876,"slot":2,"type":"sell","state":"placed","itemId":13263,"price":17890000,"qty":1,"filled":0,"spent":0,"id":"136d88a507b83ba0"},{"ts":1783206111,"slot":3,"type":"buy","state":"partial","itemId":13263,"price":16701000,"qty":2,"filled":2,"spent":33402000,"id":"9eb70a0c2dc1bf67"},{"ts":1783206112,"slot":3,"type":"buy","state":"complete","itemId":13263,"price":16701000,"qty":2,"filled":2,"spent":33402000,"id":"692dc31185a7e20c"},{"ts":1783206256,"slot":3,"type":"sell","state":"placed","itemId":13263,"price":17750000,"qty":1,"filled":0,"spent":0,"id":"94741e8f921c4191"},{"ts":1783206325,"slot":7,"type":"buy","state":"placed","itemId":12924,"price":10637000,"qty":1,"filled":0,"spent":0,"id":"6e5210cdd1c723c5"},{"ts":1783206475,"slot":2,"type":"sell","state":"cancelled","itemId":13263,"price":17890000,"qty":1,"filled":0,"spent":0,"id":"04dfd39dcd23030b"},{"ts":1783206492,"slot":2,"type":"sell","state":"placed","itemId":13263,"price":17624999,"qty":1,"filled":0,"spent":0,"id":"c490cbb62602a1e7"},{"ts":1783206634,"slot":7,"type":"buy","state":"cancelled","itemId":12924,"price":10637000,"qty":1,"filled":0,"spent":0,"id":"706333cbc1ccedec"},{"ts":1783206701,"slot":7,"type":"buy","state":"placed","itemId":12924,"price":10670000,"qty":1,"filled":0,"spent":0,"id":"736ecaa0d6ea07fc"},{"ts":1783207341,"slot":7,"type":"buy","state":"partial","itemId":12924,"price":10670000,"qty":1,"filled":1,"spent":10670000,"id":"88c10241298a27fa"},{"ts":1783207341,"slot":7,"type":"buy","state":"complete","itemId":12924,"price":10670000,"qty":1,"filled":1,"spent":10670000,"id":"40c49f0e3d3aeccf"},{"ts":1783207537,"slot":7,"type":"sell","state":"placed","itemId":12924,"price":11020000,"qty":1,"filled":0,"spent":0,"id":"f8fc8c2131a59408"},{"ts":1783207882,"slot":7,"type":"sell","state":"cancelled","itemId":12924,"price":11020000,"qty":1,"filled":0,"spent":0,"id":"5f495d8a3238b051"},{"ts":1783207914,"slot":7,"type":"sell","state":"placed","itemId":12924,"price":10997000,"qty":1,"filled":0,"spent":0,"id":"2983e71a18609d65"},{"ts":1783207964,"slot":7,"type":"sell","state":"partial","itemId":12924,"price":10997000,"qty":1,"filled":1,"spent":10997000,"id":"47b7302ad950464f"},{"ts":1783207964,"slot":7,"type":"sell","state":"complete","itemId":12924,"price":10997000,"qty":1,"filled":1,"spent":10997000,"id":"3a03ead8993803f1"},{"ts":1783210013,"slot":3,"type":"sell","state":"cancelled","itemId":13263,"price":17750000,"qty":1,"filled":0,"spent":0,"id":"7f5a412ad7b88e34"},{"ts":1783210042,"slot":3,"type":"sell","state":"placed","itemId":13263,"price":17199999,"qty":1,"filled":0,"spent":0,"id":"c945b64ea198671c"},{"ts":1783210440,"slot":2,"type":"sell","state":"cancelled","itemId":13263,"price":17624999,"qty":1,"filled":0,"spent":0,"id":"89ddaf967e193a2e"},{"ts":1783210455,"slot":2,"type":"sell","state":"placed","itemId":13263,"price":17180000,"qty":1,"filled":0,"spent":0,"id":"8c1e4c6866aba3e8"},{"ts":1783210479,"slot":3,"type":"sell","state":"cancelled","itemId":13263,"price":17199999,"qty":1,"filled":0,"spent":0,"id":"b3e50b1fb6eba3d0"},{"ts":1783210493,"slot":3,"type":"sell","state":"placed","itemId":13263,"price":17170000,"qty":1,"filled":0,"spent":0,"id":"839622e02848841b"},{"ts":1783210599,"slot":3,"type":"sell","state":"partial","itemId":13263,"price":17170000,"qty":1,"filled":1,"spent":17170000,"id":"333b32414705eccf"},{"ts":1783210600,"slot":3,"type":"sell","state":"complete","itemId":13263,"price":17170000,"qty":1,"filled":1,"spent":17170000,"id":"c60b1154e5606e0f"},{"ts":1783211234,"slot":3,"type":"sell","state":"complete","itemId":13263,"price":17170000,"qty":1,"filled":1,"spent":17170000,"id":"4993154a886a480e"},{"ts":1783211234,"slot":2,"type":"sell","state":"partial","itemId":13263,"price":17180000,"qty":1,"filled":1,"spent":17180000,"id":"30a0544aa6273469"},{"ts":1783211234,"slot":2,"type":"sell","state":"complete","itemId":13263,"price":17180000,"qty":1,"filled":1,"spent":17180000,"id":"c387e5cdd60b451e"},{"ts":1783211375,"slot":0,"type":"buy","state":"placed","itemId":566,"price":377,"qty":25000,"filled":0,"spent":0,"id":"5dc80e97d83c776f"},{"ts":1783211412,"slot":1,"type":"buy","state":"placed","itemId":13263,"price":16610000,"qty":1,"filled":0,"spent":0,"id":"b0c6665e030a0048"},{"ts":1783211451,"slot":2,"type":"buy","state":"placed","itemId":13576,"price":15020000,"qty":1,"filled":0,"spent":0,"id":"76d02ed8b320417e"},{"ts":1783211640,"slot":1,"type":"buy","state":"cancelled","itemId":13263,"price":16610000,"qty":1,"filled":0,"spent":0,"id":"4a00c8edf197dcd9"},{"ts":1783211651,"slot":1,"type":"buy","state":"placed","itemId":13263,"price":17005000,"qty":1,"filled":0,"spent":0,"id":"9498a45ba4e61a89"},{"ts":1783211799,"slot":1,"type":"buy","state":"partial","itemId":13263,"price":17005000,"qty":1,"filled":1,"spent":17005000,"id":"968384af89dbd08b"},{"ts":1783211800,"slot":1,"type":"buy","state":"complete","itemId":13263,"price":17005000,"qty":1,"filled":1,"spent":17005000,"id":"57dd87802cb928bd"},{"ts":1783211881,"slot":1,"type":"sell","state":"placed","itemId":13263,"price":17974000,"qty":1,"filled":0,"spent":0,"id":"ddaecd74d9a31578"},{"ts":1783213400,"slot":1,"type":"sell","state":"cancelled","itemId":13263,"price":17974000,"qty":1,"filled":0,"spent":0,"id":"aba3efa133776705"},{"ts":1783213418,"slot":1,"type":"sell","state":"placed","itemId":13263,"price":17749999,"qty":1,"filled":0,"spent":0,"id":"798956b41f146a05"},{"ts":1783215323,"slot":0,"type":"buy","state":"partial","itemId":566,"price":377,"qty":25000,"filled":18389,"spent":6932653,"id":"dda7962a82fd32c1"},{"ts":1783215369,"slot":2,"type":"buy","state":"cancelled","itemId":13576,"price":15020000,"qty":1,"filled":0,"spent":0,"id":"f10975285d1dee75"},{"ts":1783215383,"slot":2,"type":"buy","state":"placed","itemId":13576,"price":15140000,"qty":1,"filled":0,"spent":0,"id":"e5dd9a88061d09ec"},{"ts":1783216004,"slot":3,"type":"sell","state":"placed","itemId":566,"price":393,"qty":18389,"filled":0,"spent":0,"id":"78402a1fbfc36ccd"},{"ts":1783216309,"slot":3,"type":"sell","state":"partial","itemId":566,"price":393,"qty":18389,"filled":16000,"spent":6288000,"id":"d5906aa07ded7389"},{"ts":1783216328,"slot":3,"type":"sell","state":"partial","itemId":566,"price":393,"qty":18389,"filled":18000,"spent":7074000,"id":"4c94fa01a0724e47"},{"ts":1783216329,"slot":3,"type":"sell","state":"partial","itemId":566,"price":393,"qty":18389,"filled":18389,"spent":7226877,"id":"524ff87c1adfe184"},{"ts":1783216330,"slot":3,"type":"sell","state":"complete","itemId":566,"price":393,"qty":18389,"filled":18389,"spent":7226877,"id":"83a31a47ba008eb9"},{"ts":1783216754,"slot":3,"type":"sell","state":"complete","itemId":566,"price":393,"qty":18389,"filled":18389,"spent":7226877,"id":"a3aba65cd63c1149"},{"ts":1783216763,"slot":2,"type":"buy","state":"partial","itemId":13576,"price":15140000,"qty":1,"filled":1,"spent":15140000,"id":"c7953ce6049568f3"},{"ts":1783216764,"slot":2,"type":"buy","state":"complete","itemId":13576,"price":15140000,"qty":1,"filled":1,"spent":15140000,"id":"358b85df6d96cf82"},{"ts":1783216937,"slot":3,"type":"sell","state":"placed","itemId":13576,"price":15520000,"qty":1,"filled":0,"spent":0,"id":"f7aec8edc011dc98"},{"ts":1783216942,"slot":3,"type":"sell","state":"cancelled","itemId":13576,"price":15520000,"qty":1,"filled":0,"spent":0,"id":"638230786542f170"},{"ts":1783216955,"slot":3,"type":"sell","state":"placed","itemId":13576,"price":15498000,"qty":1,"filled":0,"spent":0,"id":"9026086bb5122dc6"},{"ts":1783217030,"slot":1,"type":"sell","state":"cancelled","itemId":13263,"price":17749999,"qty":1,"filled":0,"spent":0,"id":"8e5fefa5e8d8a6d8"},{"ts":1783217048,"slot":1,"type":"sell","state":"placed","itemId":13263,"price":17649900,"qty":1,"filled":0,"spent":0,"id":"d6c5a9ef05b4764c"},{"ts":1783217189,"slot":3,"type":"sell","state":"partial","itemId":13576,"price":15498000,"qty":1,"filled":1,"spent":15498000,"id":"d5c3c0a1b90b2a11"},{"ts":1783217190,"slot":0,"type":"buy","state":"partial","itemId":566,"price":377,"qty":25000,"filled":18691,"spent":7046507,"id":"f2756cca99ef2702"},{"ts":1783217190,"slot":3,"type":"sell","state":"complete","itemId":13576,"price":15498000,"qty":1,"filled":1,"spent":15498000,"id":"45fe5035aefb5ead"},{"ts":1783217482,"slot":3,"type":"sell","state":"complete","itemId":13576,"price":15498000,"qty":1,"filled":1,"spent":15498000,"id":"e1e80a58ab2faba7"},{"ts":1783217495,"slot":0,"type":"buy","state":"partial","itemId":566,"price":377,"qty":25000,"filled":19931,"spent":7513987,"id":"33fe7db6d2e925d6"},{"ts":1783217533,"slot":0,"type":"buy","state":"partial","itemId":566,"price":377,"qty":25000,"filled":21392,"spent":8064784,"id":"32a843bf312bc330"},{"ts":1783217554,"slot":0,"type":"buy","state":"partial","itemId":566,"price":377,"qty":25000,"filled":21401,"spent":8068177,"id":"7a5fe1bb26360a3d"},{"ts":1783217561,"slot":0,"type":"buy","state":"partial","itemId":566,"price":377,"qty":25000,"filled":21501,"spent":8105877,"id":"73a1d1e71662629d"},{"ts":1783217568,"slot":0,"type":"buy","state":"partial","itemId":566,"price":377,"qty":25000,"filled":21946,"spent":8273642,"id":"5f54038689c70693"},{"ts":1783217597,"slot":0,"type":"buy","state":"partial","itemId":566,"price":377,"qty":25000,"filled":22133,"spent":8344141,"id":"9aaaa39da9461c97"},{"ts":1783217602,"slot":3,"type":"sell","state":"placed","itemId":566,"price":393,"qty":3112,"filled":0,"spent":0,"id":"bfc46d8c103674e1"},{"ts":1783217614,"slot":0,"type":"buy","state":"partial","itemId":566,"price":377,"qty":25000,"filled":22357,"spent":8428589,"id":"2e57bc4c307ea50e"},{"ts":1783217629,"slot":3,"type":"sell","state":"partial","itemId":566,"price":393,"qty":3112,"filled":45,"spent":17685,"id":"551272dc1bff79ff"},{"ts":1783217641,"slot":3,"type":"sell","state":"partial","itemId":566,"price":393,"qty":3112,"filled":3112,"spent":1223016,"id":"30940745483f49f5"},{"ts":1783217642,"slot":3,"type":"sell","state":"complete","itemId":566,"price":393,"qty":3112,"filled":3112,"spent":1223016,"id":"cfa21c256c32479f"},{"ts":1783217851,"slot":0,"type":"buy","state":"partial","itemId":566,"price":377,"qty":25000,"filled":24074,"spent":9075898,"id":"e96602a932b22631"},{"ts":1783217857,"slot":0,"type":"buy","state":"partial","itemId":566,"price":377,"qty":25000,"filled":24542,"spent":9252334,"id":"b513840a9a481ded"},{"ts":1783218097,"slot":3,"type":"sell","state":"complete","itemId":566,"price":393,"qty":3112,"filled":3112,"spent":1223016,"id":"d364ba78022bbf58"},{"ts":1783218097,"slot":1,"type":"sell","state":"partial","itemId":13263,"price":17649900,"qty":1,"filled":1,"spent":17649900,"id":"0579bd7b842a7a81"},{"ts":1783218098,"slot":1,"type":"sell","state":"complete","itemId":13263,"price":17649900,"qty":1,"filled":1,"spent":17649900,"id":"e4d49762c84398ae"},{"ts":1783218244,"slot":0,"type":"buy","state":"partial","itemId":566,"price":377,"qty":25000,"filled":25000,"spent":9425000,"id":"76231ac7e4208f7e"},{"ts":1783218245,"slot":0,"type":"buy","state":"complete","itemId":566,"price":377,"qty":25000,"filled":25000,"spent":9425000,"id":"dbad70d528787cf9"},{"ts":1783218405,"slot":3,"type":"sell","state":"placed","itemId":566,"price":393,"qty":3499,"filled":0,"spent":0,"id":"fcfb355213fffaf9"},{"ts":1783218406,"slot":3,"type":"sell","state":"partial","itemId":566,"price":393,"qty":3499,"filled":614,"spent":241916,"id":"8e88e76776d038b0"},{"ts":1783218414,"slot":3,"type":"sell","state":"partial","itemId":566,"price":393,"qty":3499,"filled":1614,"spent":634916,"id":"20a261aa3012096f"},{"ts":1783218451,"slot":3,"type":"sell","state":"partial","itemId":566,"price":393,"qty":3499,"filled":3499,"spent":1375721,"id":"3417118c1805e840"},{"ts":1783218451,"slot":3,"type":"sell","state":"complete","itemId":566,"price":393,"qty":3499,"filled":3499,"spent":1375721,"id":"d740424c37b01331"},{"ts":1783218826,"slot":3,"type":"buy","state":"placed","itemId":6737,"price":2940000,"qty":8,"filled":0,"spent":0,"id":"70c8f2143195bf7e"},{"ts":1783218861,"slot":2,"type":"buy","state":"placed","itemId":24268,"price":16502000,"qty":1,"filled":0,"spent":0,"id":"985840e32c6af49b"}